Automatically generated by Mendeley Desktop 1.16.1
Any changes to this file will be lost if it is regenerated by Mendeley.

BibTeX export options can be customized via Options -> BibTeX in Mendeley Desktop

@article{Jansen2011b,
abstract = {In meteorology, the most destructive extratropical cyclones evolve with the formation of a bent-back front and cloud head separated from the main polar-front, creating a hook that completely encircles a pocket of warm air with colder air. The most damaging winds occur near the tip of the hook. The cloud hook formation provides a useful analogy for cloud computing, in which the most acute obstacles with outsourced services (i.e., the cloud hook) are security and privacy issues. This paper identifies key issues, which are believed to have long-term significance in cloud computing security and privacy, based on documented problems and exhibited weaknesses.},
archivePrefix = {arXiv},
arxivId = {1303.4814},
author = {Jansen, Wayne A.},
doi = {10.1109/HICSS.2011.103},
eprint = {1303.4814},
file = {:C$\backslash$:/Users/JUAN RIVAS/Desktop/JUAN RIVAS/INVESTIGACION/mas bibliografia/para completar/jansen2011.pdf:pdf},
isbn = {9780769542829},
issn = {15301605},
journal = {Proceedings of the Annual Hawaii International Conference on System Sciences},
keywords = {Cloud Hooks: Security and Privacy Issues in Cloud},
pages = {1--10},
title = {{Cloud hooks: Security and privacy issues in cloud computing}},
year = {2012}
}
@article{LopezJimenez2013,
author = {{Lopez Jimenez}, David},
doi = {10.4067/S0718-68512013000100021},
file = {:C$\backslash$:/Users/JUAN RIVAS/AppData/Local/Mendeley Ltd./Mendeley Desktop/Downloaded/Lopez Jimenez 2013  La computacion en la nube o cloud computing examinada desde el ordenamiento juridico espanol.pdf:pdf},
issn = {0718-6851},
journal = {Revista de derecho (Valparaso)},
month = {aug},
number = {40},
pages = {689--709},
title = {{La computacion en la nube o cloud computing examinada desde el ordenamiento juridico espa{\~{n}}ol}},
url = {http://www.scielo.cl/scielo.php?script=sci{\_}arttext{\&}pid=S0718-68512013000100021{\&}lng=es{\&}nrm=iso{\&}tlng=es},
year = {2013}
}
@article{RRAAE,
author = {RRAAE},
title = {{RRAAE}},
url = {http://www.rraae.org.ec/}
}
@article{Polit2012,
author = {Ster E N and Negocios, D E Empresas Plan D E and Orellana, Mirtha Espinoza and Cobo, Lenin Freire},
file = {:C$\backslash$:/Users/JUAN RIVAS/Desktop/JUAN RIVAS/INVESTIGACION/seguridad de datos en la nube/D-P11335.pdf:pdf},
journal = {Articulo},
title = {{Computaci{\'{o}}n en la nube (cloud computing)}},
year = {2012}
}
@article{DeCastro2016,
abstract = {It appears uncontroversial that digital consumers deserve the same level of protection for their transactions as that offered in other forms of commerce. The question is whether current consumer protection instruments provide these protections. Courts in Europe have adopted a view that, by analogy, one should grant ‘product-protection' to digital content contracts on a case-by-case basis. Unfortunately, this means that the digital content category remains highly controversial and uncertain to the stakeholders of such transactions. On the other hand, the Brazilian Consumer Protection Law (CDC) has adopted more innovative approaches to consumer rights than many European Union (EU) Member States' national legislation, both when it has a broad understanding of ‘goods' and ‘services' and when it provides just minor differences between the legal remedies and rights for the sale of goods and service contracts. Here, we argue that there is no reason to craft a third sui generis category for digital content per se, and to the cloud-based transactions, for the supply of digital content in Brazil, if the current legal framework in the Brazilian CDC in relation to these issues is interpreted extensively. We further claim that this remains the best approach to be adopted.},
author = {{De Castro}, Clarice Marinho Martins and Reed, Chris and {De Queiroz}, Ruy},
doi = {10.1093/ijlit/eav013},
file = {:C$\backslash$:/Users/JUAN RIVAS/Desktop/JUAN RIVAS/INVESTIGACION/PAPERS DE LA NUBE/SCOPUS CADENAS/CADENA 1/castro2015.pdf:pdf},
issn = {14643693},
journal = {International Journal of Law and Information Technology},
keywords = {Cloud computing,Cloud contract,Cloud law,Consumer rights,Digital content},
number = {1},
pages = {99--118},
title = {{Digital content and cloud-based contracts in Brazil and the European Union}},
volume = {24},
year = {2016}
}
@article{Ranaldo2016,
abstract = {Dynamic customers' requirements and providers' resources availability in the Cloud market make it inadequate static approaches to guarantee Quality of Service (QoS) levels and to define pricing. In this context, negotiation guided by dynamic information is a viable way to achieve high satisfaction levels for both contract parties. We propose to exploit capacity planning to support bilateral negotiation processes with the aim of optimizing the utility for service providers, by avoiding contracts that could incur in Service Level Agreements (SLAs) violations, keeping, at the same time, competitive prices. The proposed technique exploits a non-additive utility function defined in the region of acceptable SLA proposals, taking into account desired QoS and expected resources availability, costs and penalties. The experimental analysis shows the benefit of the proposed dynamic approach with respect to static ones in a scenario characterized by a set of customers and differentiated classes of applications provided by a cloud environment.},
author = {Ranaldo, Nadia and Zimeo, Eugenio},
doi = {10.1016/j.future.2015.03.007},
file = {:C$\backslash$:/Users/JUAN RIVAS/Desktop/JUAN RIVAS/INVESTIGACION/PAPERS DE LA NUBE/SCOPUS CADENAS/CADENA 4/ranaldo2015.pdf:pdf},
issn = {0167739X},
journal = {Future Generation Computer Systems},
keywords = {Capacity planning,Cloud computing,Negotiation,QoS management,SLA},
number = {1},
pages = {186--199},
publisher = {Elsevier B.V.},
title = {{Capacity-driven utility model for service level agreement negotiation of cloud services}},
url = {http://dx.doi.org/10.1016/j.future.2015.03.007},
volume = {55},
year = {2016}
}
@article{Salcedo,
abstract = {El Cloud Computing, o “computación en la nube”, consiste en eliminar la dependencia de equipos computacionales, discos duros o pendrives, para trabajar y almacenar información directamente en Internet. Las dudas e incertidumbres del cloudcomputing nos vienen ya que al dejar en manos de terceros el funcionamiento correcto de nuestras aplicaciones o a la hora de guardar nuestros archivos en la nube, porque estos pueden ser vitales para nuestra empresa o para nuestro uso personal, se asoma como el mayor riesgo que tenemos que afrontar. Hasta que se creen nuevos estándares de seguridad para esto de la informática en la nube, deberemos decidir si nos merece la pena o no asumir el riesgo.},
author = {Salcedo, Aruquipa and Jimena, Mariela},
file = {:C$\backslash$:/Users/JUAN RIVAS/Desktop/JUAN RIVAS/INVESTIGACION/seguridad de datos en la nube/n7a06.pdf:pdf},
pages = {14--15},
title = {{Incertidumbres frente al Cloud Computing}}
}
@article{Barani2015,
author = {Barani, Sedigheh and Level, A Service and Sla, Agreement},
file = {:C$\backslash$:/Users/JUAN RIVAS/Desktop/JUAN RIVAS/INVESTIGACION/PAPERS DE LA NUBE/SCOPUS CADENAS/CADENA 4/mohamadi2015.pdf:pdf},
isbn = {9781467385459},
keywords = {cloud computing,service level agreement,sla},
pages = {4--7},
title = {{A review on approaches in service level agreement in cloud computing environment}},
year = {2015}
}
@article{Kitchenham2004,
abstract = {The objective of this report is to propose a guideline for systematic reviews appropriate for software engineering researchers, including PhD students. A systematic review is a means of evaluating and interpreting all available research relevant to a particular research question, topic area, or phenomenon of interest. Systematic reviews aim to present a fair evaluation of a research topic by using a trustworthy, rigorous, and auditable methodology. The guideline presented in this report was derived from three existing guidelines used by medical researchers. The guideline has been adapted to reflect the specific problems of software engineering research. The guideline covers three phases of a systematic review: planning the review, conducting the review and reporting the review. It is at a relatively high level. It does not consider the impact of question type on the review procedures, nor does it specify in detail mechanisms needed to undertake meta-analysis.},
author = {Kitchenham, Barbara},
doi = {10.1.1.122.3308},
file = {:C$\backslash$:/Users/JUAN RIVAS/Desktop/JUAN RIVAS/INVESTIGACION/Revision Sistematica/kitchenham{\_}2004.pdf:pdf},
isbn = {1353-7776},
issn = {13537776},
journal = {Keele, UK, Keele University},
number = {TR/SE-0401},
pages = {28},
title = {{Procedures for performing systematic reviews}},
url = {http://csnotes.upm.edu.my/kelasmaya/pgkm20910.nsf/0/715071a8011d4c2f482577a700386d3a/{\$}FILE/10.1.1.122.3308[1].pdf\backslashnhttp://tests-zingarelli.googlecode.com/svn-history/r336/trunk/2-Disciplinas/MetodPesquisa/kitchenham{\_}2004.pdf},
volume = {33},
year = {2004}
}
@article{Melorose2015a,
archivePrefix = {arXiv},
arxivId = {arXiv:1011.1669v3},
author = {Melorose, J. and Perroy, R. and Careas, S.},
doi = {10.1017/CBO9781107415324.004},
eprint = {arXiv:1011.1669v3},
file = {:C$\backslash$:/Users/JUAN RIVAS/Desktop/JUAN RIVAS/INVESTIGACION/PAPERS DE LA NUBE/RRAAE/UDLA-EC-TAB-2015-62.pdf:pdf},
isbn = {9788578110796},
issn = {1098-6596},
journal = {Statewide Agricultural Land Use Baseline 2015},
keywords = {icle},
pages = {197},
pmid = {25246403},
title = {{EL DERECHO A LA PROTECCION DE DATOS DE CARATER PERSONAL ECUATORIANO ANALIZADO A PARTIR DE LA RELACION B2C EN LA PRESTACION DE SERVICIOS DE CLOUD COMPUTING: CASO DE POLITICAS DE PRIVACIDAD DE DROPBOX}},
volume = {1},
year = {2015}
}
@article{Gumzej2011,
abstract = {In the introduction authors explain recent developments with regard to regulation of personal data protection aspects of cloud computing services at European Union level. This is followed by analysis of the relevant EU legal framework and interpretations on its application to data processing in the context of cloud computing, and of the data protection legal framework of the Republic of Croatia and guidance on data protection in cloud computing issued by the relevant regulatory authority, i.e. Personal Data Protection Agency. Authors next examine proposed new EU general data protection framework that is currently in legislative process (Proposal for General Data Protection Regulation). This research focuses on selected provisions of the most recent draft text adopted by the European Parliament (amending the 2012 Commission's original proposal) that are likely to significantly impact the EU cloud computing market. Authors conclude overall analysis in the paper with assessment of likely impacts of analyzed solutions for cloud computing clients and providers, and in relation to legislation that is currently in force. While estimating that relevant legislation and practice in Croatia will further develop in line with the EU framework, research in this paper aims to more generally contribute to development of domestic legal writing in the area and to the raising of public awareness on legal data protection issues that need to be considered when switching to domesticthe cloud.},
author = {Gumzej, Nina and Dragicevic, Drazen},
doi = {10.1109/SOFTCOM.2014.7039084},
file = {:C$\backslash$:/Users/JUAN RIVAS/Desktop/JUAN RIVAS/INVESTIGACION/PAPERS DE LA NUBE/IEEE CADENAS/CADENA 2/gumzej2014.pdf:pdf},
isbn = {9789532900521},
issn = {953-290-052-7, 978-953-290-052-1},
journal = {2014 22nd International Conference on Software, Telecommunications and Computer Networks, SoftCOM 2014},
keywords = {General Data Protection Regulation,Personal Data Protection Act,cloud computing,personal data protection},
number = {October},
pages = {192--200},
title = {{Cloud computing data protection aspects under Croatian and European union law}},
volume = {2},
year = {2011}
}
@article{JoyanesAguilar2012,
abstract = {Nube, o Computaci{\'{o}}n en la Nube (t{\'{e}}rminos para definir Cloud Computing)*1, es un concepto tecnol{\'{o}}gico (buzzwords) cada vez m{\'{a}}s utilizado. Las organizaciones ven en esta tecnolog{\'{i}}a la soluci{\'{o}}n a muchos problemas, econ{\'{o}}micos o de infraestructuras tecnol{\'{o}}gicas.La adopci{\'{o}}n de la computaci{\'{o}}n en la nube (SaaS, PaaS e IaaS) est{\'{a}} creciendo a gran velocidad y los modelos de entrega o despliegue de la nube (privada, p{\'{u}}blica, h{\'{i}}brida y comunitaria) ofrecidos por multitud de proveedores, se han hecho habituales en la terminolog{\'{i}}a de las estrategias empresariales o centros de investigaci{\'{o}}nEn este art{\'{i}}culo se pretende analizar estos modelos, casi est{\'{a}}ndares en la industria; sus ventajas e inconvenientes y la problem{\'{a}}tica de la computaci{\'{o}}n en la nube: seguridad, protecci{\'{o}}n de datos y privacidad.Estados Unidos ha publicado ya su estrategia federal para la adopci{\'{o}}n de cloud computing; la Uni{\'{o}}n Europea trabaja en una estrategia similar.},
author = {{Joyanes Aguilar}, Luis},
file = {:C$\backslash$:/Users/JUAN RIVAS/AppData/Local/Mendeley Ltd./Mendeley Desktop/Downloaded/Joyanes Aguilar - 2012 - COMPUTACI{\'{O}}N EN LA NUBE. Notas para una estrategia espa{\~{n}}ola en cloud computing.pdf:pdf},
issn = {2255-3479},
journal = {Revista del Instituto Espa{\~{n}}ol de Estudios Estrat{\'{e}}gicos},
pages = {89--112},
title = {{COMPUTACI{\'{O}}N EN LA NUBE. Notas para una estrategia espa{\~{n}}ola en cloud computing}},
url = {http://revista.ieee.es/index.php/ieee/article/viewFile/10/8},
year = {2012}
}
@article{Dialnet,
author = {IEEE},
title = {{IEEE}},
url = {http//ieeexplore.ieee.org/}
}
@article{Bohlol2015,
author = {Bohlol, Nahid and Safari, Zohreh},
doi = {10.1109/ECDC.2015.7156324},
file = {:C$\backslash$:/Users/JUAN RIVAS/Desktop/JUAN RIVAS/INVESTIGACION/PAPERS DE LA NUBE/IEEE CADENAS/CADENA 4/bohlol2015.pdf:pdf},
isbn = {9781479986545},
journal = {2015 9th International Conference on e-Commerce in Developing Countries: With Focus on e-Business, ECDC 2015},
keywords = {Cloud Computing,Security Parameters,Service Level Agreement (SLA),System Security},
title = {{Systematic parameters vs. SLAs for security in cloud computing}},
year = {2015}
}
@article{Saha2015,
abstract = {In cloud computing, users scale their resources (computational) based on their need. There is massive literature dealing with such resource scaling algorithms. These works ignore a fundamental constrain imposed by all Cloud Service Providers (CSP), i.e. one has to pay for a fixed minimum duration irrespective of their usage. Such quantization in billing cycles poses problem for users with sporadic workload. In recent literature, Cloud Broker (CB) has been introduced for the benefit of such users. A CB rents resources from CSP and in turn provides service to users to generate profit. Contract between CB and user is that of pay-what-you-use/pay-per-use. However CB faces the challenge of Quantized Billing Cycles as it negotiates with CSP. We design two algorithms, one fully online and the other partially online, which maximizes the profit of the CB. The key idea is to regulate users demand using dynamic pricing. Our algorithm is inspired by the Ski-Rental problem. We derive competitive ratio of these algorithms and also conduct simulations using real world traces to prove the efficiency of our algorithm.},
archivePrefix = {arXiv},
arxivId = {1507.02545},
author = {Saha, Gourav and Pasumarthy, Ramkrishna},
doi = {10.1109/ALLERTON.2015.7447117},
eprint = {1507.02545},
file = {:C$\backslash$:/Users/JUAN RIVAS/Desktop/JUAN RIVAS/INVESTIGACION/PAPERS DE LA NUBE/SCOPUS CADENAS/CADENA 1/saha2015.pdf:pdf},
isbn = {9781509018239},
keywords = {Optimization,Pricing and Congestion Control,Perfor},
pages = {10},
title = {{Maximizing Profit of Cloud Brokers under Quantized Billing Cycles: a Dynamic Pricing Strategy based on Ski-Rental Problem}},
url = {http://arxiv.org/abs/1507.02545},
year = {2015}
}
@article{Tobergte2013a,
abstract = {applicability for this approach.},
archivePrefix = {arXiv},
arxivId = {arXiv:1011.1669v3},
author = {Tobergte, David R. and Curtis, Shirley},
doi = {10.1017/CBO9781107415324.004},
eprint = {arXiv:1011.1669v3},
file = {:C$\backslash$:/Users/JUAN RIVAS/Desktop/JUAN RIVAS/INVESTIGACION/mas bibliografia/IPOL-IMCO{\_}ET(2012)475104{\_}ES.pdf:pdf},
isbn = {9788578110796},
issn = {1098-6596},
journal = {Journal of Chemical Information and Modeling},
keywords = {icle},
number = {9},
pages = {1689--1699},
pmid = {25246403},
title = {{Computacion en la Nube}},
volume = {53},
year = {2013}
}
@article{MathewsHunt2015,
author = {{Mathews Hunt}, Kate},
doi = {10.1016/j.clsr.2015.05.006},
file = {:C$\backslash$:/Users/JUAN RIVAS/Desktop/JUAN RIVAS/INVESTIGACION/PAPERS DE LA NUBE/SCOPUS CADENAS/CADENA 2/hunt2015.pdf:pdf},
issn = {02673649},
journal = {Computer Law And Security Review},
number = {4},
pages = {450--477},
publisher = {Elsevier Ltd},
title = {{CloudConsumer: contracts, codes {\&} the law}},
url = {http://linkinghub.elsevier.com/retrieve/pii/S0267364915000862},
volume = {31},
year = {2015}
}
@article{Hashizume2013,
abstract = {Cloud Computing is a flexible, cost-effective, and proven delivery platform for providing business or consumer IT services over the Internet. However, cloud Computing presents an added level of risk because essential services are often outsourced to a third party, which makes it harder to maintain data security and privacy, support data and service availability, and demonstrate compliance. Cloud Computing leverages many technologies (SOA, virtualization, Web 2.0); it also inherits their security issues, which we discuss here, identifying the main vulnerabilities in this kind of systems and the most important threats found in the literature related to Cloud Computing and its environment as well as to identify and relate vulnerabilities and threats with possible solutions.},
author = {Hashizume, Keiko and Rosado, David G and Fern{\'{a}}ndez-Medina, Eduardo and Fernandez, Eduardo B},
doi = {10.1186/1869-0238-4-5},
file = {:C$\backslash$:/Users/JUAN RIVAS/Desktop/JUAN RIVAS/INVESTIGACION/mas bibliografia/para completar/art{\%}3A10.1186{\%}2F1869-0238-4-5.pdf:pdf},
isbn = {10.1186/1869-0238-4-5},
issn = {1869-0238},
journal = {Journal of Internet Services and Applications},
keywords = {cloud computing,countermeasures,security,spi model,threats,vulnerabilities},
number = {1},
pages = {5},
title = {{An analysis of security issues for cloud computing}},
url = {http://www.jisajournal.com/content/4/1/5},
volume = {4},
year = {2013}
}
@phdthesis{Collahuazo2012,
author = {Collahuazo, Jara and Alexander, Jairo},
booktitle = {Vasa},
file = {:C$\backslash$:/Users/JUAN RIVAS/Desktop/JUAN RIVAS/INVESTIGACION/seguridad de datos en la nube/ecuador CD-4281.pdf:pdf},
title = {{Gu{\'{i}}a para el an{\'{a}}lisis de factibilidad en la implantaci{\'{o}}n de tecnolog{\'{i}}as de Cloud Computing en empresas del Ecuador}},
volume = {8},
year = {2012}
}
@misc{Inec2015,
abstract = {Suplemento - Registro Oficial N{\textordmasculine} 180 - Lunes 10 de febrero de 2014},
author = {Constituyente, Asamblea Nacional},
booktitle = {Noticias},
file = {:C$\backslash$:/Users/JUAN RIVAS/Desktop/JUAN RIVAS/INVESTIGACION/LEYES/document.pdf:pdf},
isbn = {9789942075925},
keywords = {a},
pages = {1},
title = {{Codigo Organico Integral Penal}},
url = {https://www.mendeley.com/import/},
year = {2015}
}
@article{Whittemore2014,
abstract = {Objectives: To highlight recent advances in knowledge synthesis methods and reporting guidelines. Background: Knowledge synthesis is critical to advancing practice, research, and policy, but synthesizing knowledge from an often-heterogenous body of literature is challenging. Methods: A review of knowledge synthesis methods and reporting guidelines for health sciences research was completed using Google Scholar, Medline, CINAHL, and PsycInfo. Relevant information was critiqued and summarized for applicability to health science and practice. Results: Recent advances and guidelines pertaining to systematic reviews, meta-analysis, qualitative synthesis, mixed studies reviews, integrative reviews, scoping reviews, RE-AIM reviews, and umbrella reviews are discussed and examples of the application of each method to cardiopulmonary research are provided. Methods of quality appraisal are also presented. Conclusions: Advancements in knowledge synthesis and reporting guidelines enhance the quality, scope, and applicability of results; thus improving health science and clinical practice, and advancing health policy. ?? 2014 Elsevier Inc.},
author = {Whittemore, Robin and Chao, Ariana and Jang, Myoungock and Minges, Karl E. and Park, Chorong},
doi = {10.1016/j.hrtlng.2014.05.014},
file = {:C$\backslash$:/Users/JUAN RIVAS/Desktop/JUAN RIVAS/INVESTIGACION/Revision Biliografica/10.1016@j.hrtlng.2014.05.014.pdf:pdf},
isbn = {0147-9563},
issn = {15273288},
journal = {Heart and Lung: Journal of Acute and Critical Care},
number = {5},
pages = {453--461},
pmid = {25012634},
publisher = {Elsevier Inc},
title = {{Methods for knowledge synthesis: An overview}},
url = {http://dx.doi.org/10.1016/j.hrtlng.2014.05.014},
volume = {43},
year = {2014}
}
@article{Rong2013,
abstract = {Cloud computing is a model to provide convenient, on-demand access to a shared pool configurable computing resources. In cloud computing, IT-related capabilities are provided as services, accessible without requiring detailed knowledge of the underlying technologies, and with minimal management effort. The great savings promised by the cloud are however offset by the perceived security threats feared by users. This paper gives an overview of cloud computing, and discusses related security challenges. We emphasize that although there are many technological approaches that can improve cloud security, there are currently no one-size-fits-all solutions, and future work has to tackle challenges such as service level agreements for security, as well as holistic mechanisms for ensuring accountability in the cloud.},
author = {Rong, Chunming and Nguyen, Son T. and Jaatun, Martin Gilje},
doi = {10.1016/j.compeleceng.2012.04.015},
file = {:C$\backslash$:/Users/JUAN RIVAS/Desktop/JUAN RIVAS/INVESTIGACION/mas bibliografia/para completar/10.1016@j.compeleceng.2012.04.015.pdf:pdf},
isbn = {0045790612},
issn = {00457906},
journal = {Computers and Electrical Engineering},
number = {1},
pages = {47--54},
publisher = {Elsevier Ltd},
title = {{Beyond lightning: A survey on security challenges in cloud computing}},
url = {http://dx.doi.org/10.1016/j.compeleceng.2012.04.015},
volume = {39},
year = {2013}
}
@phdthesis{Empresas2014,
author = {Empresas, Carrera Administraci{\'{o}}n D E and Dora, I N G and Herrera, Priscilla},
file = {:C$\backslash$:/Users/JUAN RIVAS/AppData/Local/Mendeley Ltd./Mendeley Desktop/Downloaded/Empresas, Dora, Herrera - 2014 - Propuesta para la oferta del servicio de Cloud Computing por parte de la empresa Computadores y Equipos.pdf:pdf},
title = {{Propuesta para la oferta del servicio de Cloud Computing por parte de la empresa Computadores y Equipos Compuequip DOS S. A. en la ciudad de Cuenca}},
year = {2014}
}
@article{Skolman2015,
author = {Skolman, D.E and Gerber, M},
doi = {10.1109/ISSA.2015.7335049},
file = {:C$\backslash$:/Users/JUAN RIVAS/Desktop/JUAN RIVAS/INVESTIGACION/PAPERS DE LA NUBE/IEEE CADENAS/CADENA 1/skolmen2015.pdf:pdf},
isbn = {9781479977550},
journal = {In Information Security for South Africa (ISSA), IEEE},
pages = {1--10},
title = {{Protection of personal information in the South African Cloud Computing environment: A framework for Cloud Computing adoption}},
year = {2015}
}
@article{Potter2004,
abstract = {Nowadays, most nurses, pre- and post-qualification, will be required to undertake a literature review at some point, either as part of a course of study, as a key step in the research process, or as part of clinical practice development or policy. For student nurses and novice researchers it is often seen as a difficult undertaking. It demands a complex range of skills, such as learning how to define topics for exploration, acquiring skills of literature searching and retrieval, developing the ability to analyse and synthesize data as well as becoming adept at writing and reporting, often within a limited time scale. The purpose of this article is to present a step-by-step guide to facilitate understanding by presenting the critical elements of the literature review process. While reference is made to different types of literature reviews, the focus is on the traditional or narrative review that is undertaken, usually either as an academic assignment or part of the research process.},
archivePrefix = {arXiv},
arxivId = {z0037},
author = {Potter, Stephen},
doi = {10.1177/107808747000500401},
eprint = {z0037},
file = {:C$\backslash$:/Users/JUAN RIVAS/Desktop/JUAN RIVAS/INVESTIGACION/Revision Biliografica/cronin2008.pdf:pdf},
isbn = {9781412960991},
issn = {1469347X},
journal = {Doing Postgraduate Research},
keywords = {analysis and synthesis,review,searching n writing a},
number = {4},
pages = {411--429},
pmid = {18399395},
title = {{Undertaking a Literature Review}},
volume = {4},
year = {2004}
}
@article{Arminio2013,
abstract = {RESUMEN La computaci{\'{o}}n en la nube hoy en d{\'{i}}a es la tecnolog{\'{i}}a m{\'{a}}s atrayente debido a la eficiencia, costo y flexibilidad. Sin embargo a pesar del inter{\'{e}}s que se genera hay todav{\'{i}}a muchas inquietudes significativas para tomarlo como modelo para implementar en su totalidad. Una de las inquietudes es que la informaci{\'{o}}n est{\'{a}} dentro de la nube y debido a esto el propietario llega a perder el control de la misma, los usuarios deben tomar en cuenta las distintas implementaciones de seguridad que utilizan los distintos proveedores de nube, debido a que no existe una manera f{\'{a}}cil de mudarse de un proveedor a otro, adem{\'{a}}s que cada uno de los distintos proveedores provee una implementaci{\'{o}}n distinta de la seguridad es recomendable ver cu{\'{a}}l de todas estas, satisfacera todos los requerimientos de su empresa. En este art{\'{i}}culo se dar{\'{a}} una visi{\'{o}}n general a lo que es la seguridad de la informaci{\'{o}}n y una explicaci{\'{o}}n breve a las distintas ventajas, desventajas y vulnerabilidades que existen en la computaci{\'{o}}n en la nube. Palabras Clave Computaci{\'{o}}n en la nube, proveedor de nube, seguridad, ventajas, desventajas, vulnerabilidades. 1. INTRODUCCION En este art{\'{i}}culo se hablara de la seguridad en t{\'{e}}rminos de seguridad de la informaci{\'{o}}n, esta seguridad es las precauciones que se tienen en las empresas que proveen computaci{\'{o}}n en la nube, de manera que la informaci{\'{o}}n cumpla con tres principios: la confidencialidad, la disponibilidad y la integridad. La computaci{\'{o}}n en la nube empez{\'{o}} a construirse a principios de los 90. La idea principal de la computaci{\'{o}}n en la nube es el separar al sistema de la infraestructura y los mecanismos de los que est{\'{a}} compuesto, separ{\'{a}}ndolo de las aplicaciones y servicios que ofrece.[1] Ahora la pregunta que nos planteamos es: ¿Que es la computaci{\'{o}}n en la nube? Bueno en una corta explicaci{\'{o}}n a grandes rasgos, la computaci{\'{o}}n en la nube es software y hardware que esta hospedado en un ambiente centralizado que puede ser alquilado, de esta manera el usuario se convierte en un cliente ligero y acceder a los recursos independientemente del dispositivo que use. Espec{\'{i}}ficamente, la computaci{\'{o}}n en la nube es un modelo de computaci{\'{o}}n que tiene recursos virtualizados que se proveen como servicios o recursos sobre el internet. El concepto incorpora infraestructura como servicios, plataforma como servicio y software como servicio, as{\'{i}} como las recientes tecnolog{\'{i}}as que tienen tema principal la confiabilidad sobre internet para satisfacer las necesidades de los usuarios. La computaci{\'{o}}n en la nube provee com{\'{u}}nmente aplicaciones de negocios en l{\'{i}}nea, que son accesibles desde un navegador web (ver Figura 1).},
author = {Arminio, Erick and Velasquez, Alvarez and Mayor, Universidad and Andres, De San},
file = {:C$\backslash$:/Users/JUAN RIVAS/Desktop/JUAN RIVAS/INVESTIGACION/seguridad de datos en la nube/n7a04.pdf:pdf},
keywords = {computaci{\'{o}}n en la nube,desventajas,proveedor de nube,seguridad,ventajas,vulnerabilidades},
pages = {7--9},
title = {{Seguridad En La Nube}},
year = {2013}
}
@article{Al-lawati2016,
author = {Al-lawati, Abeer and Al-badi, Ali H},
file = {:C$\backslash$:/Users/JUAN RIVAS/Desktop/JUAN RIVAS/INVESTIGACION/PAPERS DE LA NUBE/SCOPUS CADENAS/CADENA 1/al-lawati2016.pdf:pdf},
isbn = {9781467395847},
keywords = {cloud computing,financial institutions,technology},
title = {{The Impact of Cloud Computing IT Departments : A Case Study of Oman ' s Financial institutions}},
year = {2016}
}
@article{Franke2016,
abstract = {As more enterprises buy information technology services, studying their underpinning contracts becomes more important. With cloud computing and outsourcing, these service level agreements (SLAs) are now often the only link between the business and the supporting IT services. This paper presents an experimental economics investigation of decision-making with regard to availability SLAs, among enterprise IT professionals. The method and the ecologically valid subjects make the study unique to date among IT service SLA studies. The experiment consisted of pairwise choices under uncertainty, and subjects (  ) were incentivized by payments based on one of their choices, randomly selected. The research question investigated in this paper is: Do enterprise IT professionals maximize expected value when procuring availability SLAs, as would be optimal from the business point of view? The main result is that enterprise IT professionals fail to maximize expected value. Whereas some subjects do maximize expected value, others are risk-seeking, risk-averse, or exhibit nonmonotonic preferences. The nonmonotonic behavior in particular is an interesting observation, which has no obvious explanation in the literature. For a subset of the subjects (  ), a few further hypotheses related to associations between general attitude to risk or professional experience on the one hand, and behavior in SLAs on the other hand, were investigated. No support for these associations was found. The results should be interpreted with caution, due to the limited number of subjects. However, given the prominence of SLAs in modern IT service management, the results are interesting and call for further research, as they indicate that current professional decision-making regarding SLAs can be improved. In particular, if general attitude to risk and professi- nal experience do not impact decision-making with regard to SLAs, more extensive use of decision-support systems might be called for in order to facilitate proper risk management.},
author = {Franke, Ulrik and Buschle, Markus},
doi = {10.1109/TNSM.2015.2510080},
file = {:C$\backslash$:/Users/JUAN RIVAS/Desktop/JUAN RIVAS/INVESTIGACION/PAPERS DE LA NUBE/IEEE CADENAS/CADENA 1/franke2016.pdf:pdf},
issn = {19324537},
journal = {IEEE Transactions on Network and Service Management},
keywords = {Service Level Agreeements,decision-making,enterprise IT service availability},
number = {1},
pages = {58--70},
title = {{Experimental Evidence on Decision-Making in Availability Service Level Agreements}},
volume = {13},
year = {2016}
}
@article{Kitchenham2010,
abstract = {Context: In a previous study, we reported on a systematic literature review (SLR), based on a manual search of 13 journals and conferences undertaken in the period 1st January 2004 to 30th June 2007. Objective: The aim of this on-going research is to provide an annotated catalogue of SLRs available to software engineering researchers and practitioners. This study updates our previous study using a broad automated search. Method: We performed a broad automated search to find SLRs published in the time period 1st January 2004 to 30th June 2008. We contrast the number, quality and source of these SLRs with SLRs found in the original study. Results: Our broad search found an additional 35 SLRs corresponding to 33 unique studies. Of these papers, 17 appeared relevant to the undergraduate educational curriculum and 12 appeared of possible interest to practitioners. The number of SLRs being published is increasing. The quality of papers in conferences and workshops has improved as more researchers use SLR guidelines. Conclusion: SLRs appear to have gone past the stage of being used solely by innovators but cannot yet be considered a main stream software engineering research methodology. They are addressing a wide range of topics but still have limitations, such as often failing to assess primary study quality. ?? 2010 Elsevier B.V. All rights reserved.},
author = {Kitchenham, Barbara and Pretorius, Rialette and Budgen, David and Brereton, O. Pearl and Turner, Mark and Niazi, Mahmood and Linkman, Stephen},
doi = {10.1016/j.infsof.2010.03.006},
file = {:C$\backslash$:/Users/JUAN RIVAS/Desktop/JUAN RIVAS/INVESTIGACION/Revision Sistematica/MENDELEY/kitchenham2010.pdf:pdf},
isbn = {0950-5849},
issn = {09505849},
journal = {Information and Software Technology},
keywords = {Mapping study,Software engineering,Systematic literature review,Tertiary study},
number = {8},
pages = {792--805},
publisher = {Elsevier B.V.},
title = {{Systematic literature reviews in software engineering-A tertiary study}},
url = {http://dx.doi.org/10.1016/j.infsof.2010.03.006},
volume = {52},
year = {2010}
}
@article{DeBruin2016,
abstract = {Cloud computing is rapidly gaining traction in business. It offers businesses online services on demand (such as Gmail, iCloud and Salesforce) and allows them to cut costs on hardware and IT support. This is the first paper in business ethics dealing with this new technology. It analyzes the informational duties of hosting companies that own and operate cloud computing datacentres (e.g., Amazon). It considers the cloud services providers leasing 'space in the cloud' from hosting companies (e.g., Dropbox, Salesforce). And it examines the business and private 'clouders' using these services. The first part of the paper argues that hosting companies, services providers and clouders have mutual informational (epistemic) obligations to provide and seek information about relevant issues such as consumer privacy, reliability of services, data mining and data ownership. The concept of interlucency is developed as an epistemic virtue governing ethically effective communication. The second part considers potential forms of government restrictions on or proscriptions against the development and use of cloud computing technology. Referring to the concept of technology neutrality, it argues that interference with hosting companies and cloud services providers is hardly ever necessary or justified. It is argued, too, however, that businesses using cloud services (e.g., banks, law firms, hospitals etc. storing client data in the cloud) will have to follow rather more stringent regulations.},
author = {de Bruin, Boudewijn and Floridi, Luciano},
doi = {10.1007/s11948-016-9759-0},
file = {:C$\backslash$:/Users/JUAN RIVAS/Desktop/JUAN RIVAS/INVESTIGACION/PAPERS DE LA NUBE/SCOPUS CADENAS/CADENA 1/bruin2016.pdf:pdf},
issn = {14715546},
journal = {Science and Engineering Ethics},
keywords = {Cloud computing,Epistemic virtue,Information ethics,Privacy},
pages = {1--19},
pmid = {26886482},
publisher = {Springer Netherlands},
title = {{The Ethics of Cloud Computing}},
url = {"http://dx.doi.org/10.1007/s11948-016-9759-0},
year = {2016}
}
@article{Alberto2014a,
abstract = {The Cloud Computing system is the new technology that has allowed a market deployment, able to provide any computing services on demand. Due that the technology innovation has reached a great popularity, which has led many business leaders and technology departments wishing to acquire solutions on the cloud computing, although they are not yet clear, how they should hire them. The methodology and recommendations given in this paper, are mainly based on the ITIL v3, TMF (eTOM)'s best practices, and the Service Level Agreements (SLAs)' definition, based on the Continuity, Availability, Service Quality and Security's criteria, among others. The results obtained, by using the TCO (Total Cost of Ownership) as a financial tool for making decisions in the technology projects, resulted in a clear economic benefit by opting for the cloud computing service.},
author = {Alberto, Beimar and Armando, Le{\'{o}}n-velandia Mario},
file = {:C$\backslash$:/Users/JUAN RIVAS/AppData/Local/Mendeley Ltd./Mendeley Desktop/Downloaded/Alberto, Armando - 2014 - Recomendaciones para contratar servicios en la ‘ nube ' How to Hire the Cloud Computing Services ' Advices Rec.pdf:pdf},
journal = {Scielo},
keywords = {Availability,Cloud Computing,Continuity,ITIL v3,Quality and Security's Service,Service Level's Agreement,eTOM.},
number = {37},
pages = {16},
title = {{Recomendaciones para contratar servicios en la ‘ nube ' How to Hire the Cloud Computing Services ' Advices Recomenda{\c{c}}{\~{o}}es para contratar servi{\c{c}}os em ‘ nuvem '}},
url = {http://www.scielo.org.co/scielo.php?script=sci{\_}arttext{\&}pid=S0121-11292014000200010},
volume = {23},
year = {2014}
}
@article{Grant2009,
abstract = {BACKGROUND AND OBJECTIVES: The expansion of evidence-based practice across sectors has lead to an increasing variety of review types. However, the diversity of terminology used means that the full potential of these review types may be lost amongst a confusion of indistinct and misapplied terms. The objective of this study is to provide descriptive insight into the most common types of reviews, with illustrative examples from health and health information domains. METHODS: Following scoping searches, an examination was made of the vocabulary associated with the literature of review and synthesis (literary warrant). A simple analytical framework -- Search, AppraisaL, Synthesis and Analysis (SALSA) -- was used to examine the main review types. RESULTS: Fourteen review types and associated methodologies were analysed against the SALSA framework, illustrating the inputs and processes of each review type. A description of the key characteristics is given, together with perceived strengths and weaknesses. A limited number of review types are currently utilized within the health information domain. CONCLUSIONS: Few review types possess prescribed and explicit methodologies and many fall short of being mutually exclusive. Notwithstanding such limitations, this typology provides a valuable reference point for those commissioning, conducting, supporting or interpreting reviews, both within health information and the wider health care domain.},
author = {Grant, Maria J. and Booth, Andrew},
doi = {10.1111/j.1471-1842.2009.00848.x},
file = {:C$\backslash$:/Users/JUAN RIVAS/Desktop/JUAN RIVAS/INVESTIGACION/Revision Biliografica/10.1111@j.1471-1842.2009.00848.x.pdf:pdf},
isbn = {1471-1834 (Print)$\backslash$n1471-1834 (Linking)},
issn = {14711834},
journal = {Health Information and Libraries Journal},
number = {2},
pages = {91--108},
pmid = {19490148},
title = {{A typology of reviews: An analysis of 14 review types and associated methodologies}},
volume = {26},
year = {2009}
}
@article{Ahmad2015,
author = {Ahmad, Mohammad Oqail and Khan, Rafiqul Zaman},
doi = {10.15680/ijircce.2015.0305086},
file = {:C$\backslash$:/Users/JUAN RIVAS/Desktop/JUAN RIVAS/INVESTIGACION/mas bibliografia/86{\_}The.pdf:pdf},
keywords = {cloud computing,cluster computing,distributed computing,iaas,paas,saas,utility computing},
pages = {4066--4075},
title = {{The Cloud Computing : A Systematic Review}},
year = {2015}
}
@article{Liu2015,
author = {Liu, Joseph K and Liang, Kaitai and Susilo, Willy and Liu, Jianghua and Xiang, Yang},
doi = {10.1109/TC.2015.2462840},
file = {:C$\backslash$:/Users/JUAN RIVAS/Desktop/JUAN RIVAS/INVESTIGACION/PAPERS DE LA NUBE/SCOPUS CADENAS/CADENA 2/liu2015.pdf:pdf},
issn = {0018-9340},
keywords = {cloud storage,factor revocability,security,two-factor},
number = {c},
pages = {1--14},
title = {{Two-Factor Data Security Protection Mechanism for Cloud Storage System}},
volume = {9340},
year = {2015}
}
@phdthesis{Melorose2015,
archivePrefix = {arXiv},
arxivId = {arXiv:1011.1669v3},
author = {Melorose, J. and Perroy, R. and Careas, S.},
booktitle = {Statewide Agricultural Land Use Baseline 2015},
doi = {10.1017/CBO9781107415324.004},
eprint = {arXiv:1011.1669v3},
file = {:C$\backslash$:/Users/JUAN RIVAS/Desktop/JUAN RIVAS/INVESTIGACION/seguridad de datos en la nube/D-98700.pdf:pdf},
isbn = {9788578110796},
issn = {1098-6596},
keywords = {icle},
pmid = {25246403},
title = {{CENTRO DE PROCESAMIENTOS DE DATOS EN LA NUBE}},
volume = {1},
year = {2015}
}
@article{Barhamgi2016,
abstract = {Cloud computing has now emerged as popular computing paradigm for data storage and computation for enterprises and individuals. Its major characteristics include the pay-per-use pricing model, where users pay only for the resources they consume with no upfront cost for hardware/software infrastructures, and the capability of providing scalable and unlimited storage and computation resources to meet changing business needs of enterprises with minimal management overhead. The cloud, however, presents a major limitation to enterprises and individuals who move to public clouds: they lose control over the systems that manage their data and applications, leading to increased security and privacy concerns. In this article, we examine cloud privacy concerns, and provide an overview of current and emerging solutions for protecting privacy of data and applications deployed in the cloud. Based on this, we suggest a set of recommendations for practitioners and researchers to improve privacy protection of cloud users.},
author = {Barhamgi, Mahmoud and Bandara, Arosha K. and Yu, Yijun and Belhajjame, Khalid and Nuseibeh, Bashar},
doi = {10.1109/MC.2016.59},
file = {:C$\backslash$:/Users/JUAN RIVAS/Desktop/JUAN RIVAS/INVESTIGACION/PAPERS DE LA NUBE/IEEE CADENAS/CADENA 2/barhamgi2016.pdf:pdf},
issn = {00189162},
journal = {IEEE Computer},
title = {{On Protecting Privacy in the Cloud}},
year = {2016}
}
@article{Pino2006,
abstract = {Las micro, peque{\~{n}}as y medianas empresas -Pymes- son una pieza muy importante en el engranaje de la econom{\'{i}}a mundial. La industria del software en la mayor{\'{i}}a de los pa{\'{i}}ses est{\'{a}} formada por tejido industrial compuesto en gran parte por Pymes desarrolladoras de software. Para fortalecer este tipo de organizaciones se necesitan pr{\'{a}}cticas eficientes de Ingenier{\'{i}}a del Software adaptadas a su tama{\~{n}}o y tipo de negocio. La comunidad vinculada a esta disciplina ha expresado en la {\'{u}}ltima d{\'{e}}cada especial inter{\'{e}}s en la mejora de procesos software con el fin de aumentar la calidad y productividad del software. Sin embargo, hay una tendencia generalizada a resaltar que el {\'{e}}xito de los programas de mejora de procesos software s{\'{o}}lo es posible para empresas grandes. En este art{\'{i}}culo se presenta una revisi{\'{o}}n sistem{\'{a}}tica de la literatura sobre los esfuerzos llevados a cabo en Pymes desarrolladoras de software relacionados con la mejora de sus procesos. El objetivo es conocer lo que se ha realizado y logrado en este tipo de empresas respecto a la mejora de procesos software.},
author = {Pino, Francisco and Garc{\'{i}}a, F{\'{e}}lix and Piattini, Mario},
file = {:C$\backslash$:/Users/JUAN RIVAS/Desktop/JUAN RIVAS/INVESTIGACION/Revision Sistematica/MENDELEY/Revision{\_}sistematica{\_}de{\_}mejora{\_}de{\_}proces.pdf:pdf},
isbn = {1885-4486},
issn = {18854486},
journal = {Revista Espa nola de Innovaci{\'{o}}n Calidad e Ingenier{\'{i}}a del Software REICIS},
keywords = {Mejora de procesos de software,Pymes,Revisi{\'{o}}n sistem{\'{a}}tica,SPI},
number = {1},
pages = {6--23},
title = {{Revisi{\'{o}}n sistem{\'{a}}tica de mejora de procesos software en micro , peque{\~{n}}as y medianas empresas}},
url = {http://redalyc.uaemex.mx/pdf/922/92220103.pdf},
volume = {2},
year = {2006}
}
@misc{CongresoNacional2002,
archivePrefix = {arXiv},
arxivId = {1011.1669},
author = {{Congreso Nacional}},
doi = {10.1088/1751-8113/44/8/085201},
eprint = {1011.1669},
file = {:C$\backslash$:/Users/JUAN RIVAS/Desktop/JUAN RIVAS/INVESTIGACION/LEYES/ley-comercio-electronico-firmas-electronicas-y-mensaje-de-datos.pdf:pdf},
isbn = {9788578110796},
issn = {1098-6596},
pages = {1--27},
pmid = {25246403},
title = {{Ley de Comercio Electr{\'{o}}nico, Firmas Electr{\'{o}}nicas y Mensajes de Datos}},
url = {http://www.arcotel.gob.ec/wp-content/uploads/downloads/2015/04/LEY-COMERCIO-ELECTRONICO-FIRMAS-ELECTRONICAS-Y-MENSAJE-DE-DATOS.pdf},
year = {2002}
}
@article{Martin,
author = {Lohe, Martin G},
file = {:C$\backslash$:/Users/JUAN RIVAS/Desktop/JUAN RIVAS/INVESTIGACION/PAPERS DE LA NUBE/SCOPUS CADENAS/CADENA 4/lohe2015.pdf:pdf},
journal = {2015},
title = {{REGULATION AND STANDARDIZATION OF DATA PROTECTION IN CLOUD Technische Universit{\"{a}}t Berlin , Faculty of Economics and Management , Chair of Innovation Economics Fraunhofer Institute for Open Communication Systems FOKUS , Innovation and Technology Transfer C}},
volume = {3}
}
@article{RenoMunoz2014,
abstract = {Governments and their intelligence agencies have an unprecedented technological potential to invade the privacy of citizens and create a surveillance state. Security considerations and national interest have weakened to unacceptable levels the constitutional guarantees that would effectively protect the right to privacy worldwide. This imbalance is partly explained by the mismatch between the technological evolution of the Internet and digital communication networks and the limitations of regulatory frameworks, most of them anchored in concepts, criteria and technological scenarios of the last century. The social debate should incorporate an in-depth analysis of digital media, the proliferation of mobile communication devices and the growing demand for cloud computing services, supported by consumption/entertainment patterns involving intensive data traffic of private information between countries without reciprocity in the recognition of the right to privacy.},
author = {reno Mu{\~{n}}oz, MMoiguel},
file = {:C$\backslash$:/Users/JUAN RIVAS/AppData/Local/Mendeley Ltd./Mendeley Desktop/Downloaded/reno Mu{\~{n}}oz - 2014 - The Tension Between Privacy and Security in the Development of the Internet.pdf:pdf},
issn = {1989-7022},
journal = {Dilemata},
keywords = {Filosof{\'{i}}a. Etica,Grupo B,Humanidades},
number = {15},
pages = {181--193},
title = {{The Tension Between Privacy and Security in the Development of the Internet}},
url = {http://dialnet.unirioja.es/servlet/articulo?codigo=4834529{\&}info=resumen{\&}idioma=SPA},
year = {2014}
}
@article{SherenA.El-Booz2015,
author = {{Sheren A. El-Booz}, Gamal Attiya and Nawal El-Fishawy},
file = {:C$\backslash$:/Users/JUAN RIVAS/Desktop/JUAN RIVAS/INVESTIGACION/PAPERS DE LA NUBE/SCOPUS CADENAS/CADENA 1/el-booz2015.pdf:pdf},
isbn = {9781509002757},
keywords = {- cloud computing,auditability,privacy preserving,public,third party},
pages = {188--194},
title = {{A Secure Cloud Storage System Combining Time-based One Time Password and Automatic Blocker Protocol}},
year = {2015}
}
@article{Wang2014,
abstract = {Cloud computing is a revolutionary computing paradigm which enables$\backslash$nflexible, on-demand and low-cost usage of computing resources. Those$\backslash$nadvantages are the causes of security and privacy problems, which emerge$\backslash$nbecause the data owned by different users are stored in some cloud$\backslash$nservers instead of under their own control. How to protect the data$\backslash$nprivacy is the most important in cloud computing. In this paper, based$\backslash$non virtual adversary structure, a data security access scheme is$\backslash$nproposed to protect sensitive data. The virtual adversary structure is$\backslash$nrealized by an efficient secret sharing scheme. The scheme has been$\backslash$nshown to have reconstruction and perfect properties of the secret$\backslash$nsharing. It only performs modular additions and subtractions and every$\backslash$nshare is replicated in multiple share sets. Based on virtual adversary$\backslash$nstructure and secret sharing, the scheme also has some advantages: low$\backslash$ncomputational complexity and high recoverability.},
author = {Wang, Jingyu and Gu, Ruichun},
doi = {10.1109/ICSESS.2014.6933560},
file = {:C$\backslash$:/Users/JUAN RIVAS/Desktop/JUAN RIVAS/INVESTIGACION/PAPERS DE LA NUBE/IEEE CADENAS/CADENA 2/wang2014.pdf:pdf},
isbn = {9781479932788},
issn = {23270594},
journal = {Proceedings of the IEEE International Conference on Software Engineering and Service Sciences, ICSESS},
keywords = {Cloud Security,Secret Sharing,privacy preserving},
pages = {268--271},
title = {{Cloud data security access with privacy-preserving}},
year = {2014}
}
@article{De2014,
author = {De, Sourya Joyee and Pal, Asim K.},
doi = {10.1109/HICSS.2014.613},
file = {:C$\backslash$:/Users/JUAN RIVAS/Desktop/JUAN RIVAS/INVESTIGACION/PAPERS DE LA NUBE/IEEE CADENAS/CADENA 2/de2014.pdf:pdf},
isbn = {9781479925049},
issn = {15301605},
journal = {Proceedings of the Annual Hawaii International Conference on System Sciences},
pages = {4986--4997},
title = {{A policy-based security framework for storage and computation on enterprise data in the cloud}},
year = {2014}
}
@article{LisbethHernandezQuintero2010,
abstract = {Con los avances en las tecnolog{\'{i}}as de informaci{\'{o}}n y comunicaci{\'{o}}n, se han mostrado nuevas apli-caciones para la Internet, en este caso, la computaci{\'{o}}n en la nube o Cloud Computing, en la cual los recursos inform{\'{a}}ticos son ofrecidos y utilizados a trav{\'{e}}s de Internet. Siguiendo esta idea, La computaci{\'{o}}n en la nube es conveniente y rentable tanto para usuarios como para los proveedores; teniendo en cuenta que existen riesgos al utilizar esta nueva tecnolog{\'{i}}a, permite ahorros tanto en licencias como en administraci{\'{o}}n de servicios y de equipos. Esto se debe a la arquitectura confor-mada por capas con la cual trabaja que corresponden al software, plataforma e infraestructura. Un aspecto importante en la implementaci{\'{o}}n, y que se refiere principalmente al tema de la plata-forma, es la virtualizaci{\'{o}}n. Se puede decir que esta es una abstracci{\'{o}}n de los recursos tecnol{\'{o}}gicos en donde se puede llegar a utilizar un servidor o muchos servidores siendo invisible para el usuario final, y adem{\'{a}}s, gracias al clustering, se permite tratar a muchos servidores como uno solo. PALABRAS CLAVE: Computaci{\'{o}}n en la Nube, Tecnolog{\'{i}}as de la Informaci{\'{o}}n, servicios, aplicaciones, recursos.},
author = {{Lisbeth Hernandez Quintero}, Nelly and {Anderson Smith Florez Fuente}, Esp},
file = {:C$\backslash$:/Users/JUAN RIVAS/AppData/Local/Mendeley Ltd./Mendeley Desktop/Downloaded/Lisbeth Hernandez Quintero, Anderson Smith Florez Fuente - 2010 - Computaci{\'{o}}n En La Nube Cloud Computing.pdf:pdf},
keywords = {aplicaciones,computaci{\'{o}}n en la nube,servicios,tecnolog{\'{i}}as de la informaci{\'{o}}n},
pages = {102},
title = {{Computaci{\'{o}}n En La Nube Cloud Computing}},
year = {2010}
}
@article{Legales2010,
author = {Legales, Aspectos},
file = {:C$\backslash$:/Users/JUAN RIVAS/Desktop/JUAN RIVAS/INVESTIGACION/seguridad de datos en la nube/Joel G{\'{o}}mez.pdf:pdf},
journal = {Revista b:Secure},
pages = {2},
title = {{Aspectos Legales del Cloud Computing}},
url = {http://www.joelgomez.mx/blog/?page{\_}id=268},
year = {2010}
}
@article{Alberto2014,
abstract = {The Cloud Computing system is the new technology that has allowed a market deployment, able to provide any computing services on demand. Due that the technology innovation has reached a great popularity, which has led many business leaders and technology departments wishing to acquire solutions on the cloud computing, although they are not yet clear, how they should hire them. The methodology and recommendations given in this paper, are mainly based on the ITIL v3, TMF (eTOM)'s best practices, and the Service Level Agreements (SLAs)' definition, based on the Continuity, Availability, Service Quality and Security's criteria, among others. The results obtained, by using the TCO (Total Cost of Ownership) as a financial tool for making decisions in the technology projects, resulted in a clear economic benefit by opting for the cloud computing service.},
author = {Alberto, Beimar and Armando, Le{\'{o}}n-velandia Mario},
file = {:C$\backslash$:/Users/JUAN RIVAS/Desktop/JUAN RIVAS/INVESTIGACION/seguridad de datos en la nube/v23n37a10.pdf:pdf},
journal = {Scielo},
keywords = {Availability,Cloud Computing,Continuity,ITIL v3,Quality and Security's Service,Service Level's Agreement,eTOM.},
number = {37},
pages = {16},
title = {{Recomendaciones para contratar servicios en la ‘ nube ' How to Hire the Cloud Computing Services ' Advices Recomenda{\c{c}}{\~{o}}es para contratar servi{\c{c}}os em ‘ nuvem '}},
url = {http://www.scielo.org.co/scielo.php?script=sci{\_}arttext{\&}pid=S0121-11292014000200010},
volume = {23},
year = {2014}
}
@article{GuaschPortas2014,
abstract = {El Cloud Computing o computaci{\'{o}}n en nube es una herramienta nueva parala prestaci{\'{o}}n de servicios tecnol{\'{o}}gicos. Se espera que en los pr{\'{o}}ximos a{\~{n}}os tenga un crecimiento exponencial gracias a sus grandes ventajas econ{\'{o}}micas en comparaci{\'{o}}n a los modelos tradicionales de procesamiento de informaci{\'{o}}n. Frente a esas ventajas de la computaci{\'{o}}n en nube, hemos de advertir de las limitaciones legales que existen en cuanto al tratamiento de datos personales. El sector tur{\'{i}}stico puede ser uno de los grandes beneficiados de la expansi{\'{o}}nde este nuevo modelo de prestaci{\'{o}}n de servicios; pero el cumplimiento de las normas que regulan la protecci{\'{o}}n de datos es un elemento imprescindible para evitar sanciones por un uso inadecuado de estos.   Palabras clave:  Cloud Computing, computaci{\'{o}}n en nube, LOPD, transferencias internacionales de datos, hoteles.      ABSTRACT   Cloud Computing is a new tool for the provision of technology services. It is expected that in the coming years will have an exponential growth thanks to its great economic advantages compared to traditional information processing models. Against these advantages of cloud computing, we must warn that there are legal limitations regarding the processing of personal data. The tourism sector may be one of the major beneficiaries of the expansion of this new model of service delivery. But compliance with the rules governing data protection is an essential element toavoid penalties for an inadequate use of them.   Key words:  Cloud Computing, LOPD, International Data Transferences, hotels.},
author = {{Guasch Portas}, Vicente and {Soler Fuensanta}, Jos{\'{e}} Ram{\'{o}}n},
doi = {10.1234/RAT2011n11},
file = {:C$\backslash$:/Users/JUAN RIVAS/AppData/Local/Mendeley Ltd./Mendeley Desktop/Downloaded/Guasch Portas, Soler Fuensanta - 2014 - Cloud Computing, Turismo Y Protecci{\'{o}}n De Datos.pdf:pdf},
issn = {2254-0644},
journal = {Revista De An{\'{a}}lisis Tur{\'{i}}stico},
keywords = {cloud computing,computaci{\'{o}}n en nube,lopd,transferencias internacionales de datos},
number = {17},
pages = {61--68},
title = {{Cloud Computing, Turismo Y Protecci{\'{o}}n De Datos}},
url = {http://www.aecit.org/jornal/index.php/AECIT/article/view/177$\backslash$nhttp://www.aecit.org/jornal/index.php/AECIT/article/download/177/147$\backslash$nhttp://www.aecit.org/jornal/index.php/AECIT/article/view/177/147},
volume = {0},
year = {2014}
}
@article{Zalazar2013,
author = {Zalazar, Ana Sof{\'{i}}a and Gonnet, Silvio and Leone, Horacio},
file = {:C$\backslash$:/Users/JUAN RIVAS/Desktop/JUAN RIVAS/INVESTIGACION/seguridad de datos en la nube/22.pdf:pdf},
keywords = {acuerdo de nivel de,cloud computing,servicio},
pages = {303--317},
title = {{Un Modelo para Contratos de Cloud Computing}},
year = {2013}
}
@article{AgenciaEspanolaDeProtecciondeDatos2013,
author = {{Agencia Espa{\~{n}}ola De Proteccion de Datos}},
file = {:C$\backslash$:/Users/JUAN RIVAS/Desktop/JUAN RIVAS/INVESTIGACION/seguridad de datos en la nube/GUIA{\_}Cloud.pdf:pdf},
journal = {Agencia Espa{\~{n}}ola de Proteccion de Datos},
number = {24},
pages = {1 -- 23},
title = {{Guia para Clientes que contraten Servicios de cloud Computing}},
url = {http://www.agpd.es/portalwebAGPD/canaldocumentacion/publicaciones/common/Guias/GUIA{\_}Cloud.pdf},
year = {2013}
}
@article{Opara-Martins2015,
abstract = {The widespread adoption of cloud computing services has a wide range of sourcing issues that companies must take into consideration when they standardize and automate their IT service delivery. In this respect, our paper identifies risks and opportunities of cloud computing which affect organisations' cloud adoption decisions. The research method used is based on a quantitative online survey questionnaire of 114 UK business respondents including IT professionals, managers, and decision-makers. The study results show that despite the business benefits for moving IT service consumption and delivery from on-premise to the cloud environment, the following risks are exacerbated: security, data privacy and contract lock-in. The outcome of the survey suggests that related concerns can be strategically mitigated. This can be done by negotiating cloud contracts to be more closely aligned to address business specific security and lock-in risks in cloud-based sourcing. Based on the outcome, the paper provides guidance to support the decision-making process on investment into cloud computing implementation to meet the organisations' business objectives with related concerns.},
author = {Opara-Martins, J and Sahandi, R and Tian, F},
doi = {10.1109/3PGCIC.2015.62},
file = {:C$\backslash$:/Users/JUAN RIVAS/Desktop/JUAN RIVAS/INVESTIGACION/PAPERS DE LA NUBE/SCOPUS CADENAS/CADENA 4/opara-martins2015.pdf:pdf},
isbn = {9781467394734},
journal = {2015 10th International Conference on P2P, Parallel, Grid, Cloud and Internet Computing (3PGCIC)},
keywords = {business data processing;cloud computing;contracts},
pages = {665--670},
title = {{A Business Analysis of Cloud Computing: Data Security and Contract Lock-In Issues}},
year = {2015}
}
@article{Meja2011,
abstract = {La computaci{\'{o}}n en la nube, concepto conocido tambi{\'{e}}n bajo los t{\'{e}}rminos servicios en la nube, inform{\'{a}}tica en la nube, nube de c{\'{o}}mputo o nube de conceptos, del ingl{\'{e}}s cloud computing, es un paradigma que permite ofrecer servicios de computaci{\'{o}}n a trav{\'{e}}s de Internet.},
author = {Mejıa, Oscar Avila},
file = {:C$\backslash$:/Users/JUAN RIVAS/Desktop/JUAN RIVAS/INVESTIGACION/seguridad de datos en la nube/PFM{\_}cloud{\_}beka.pdf:pdf},
isbn = {REVISTA DE EDUCACI{\'{O}}N EN CIENCIAS E INGENIER{\'{I}}A},
issn = {2255-3479},
journal = {ContactoS},
pages = {45--52},
title = {{Computaci{\'{o}}n en la nube}},
volume = {80},
year = {2011}
}
@article{Wharton,
author = {Wharton, Charles and Kang-i, Lin},
file = {:C$\backslash$:/Users/JUAN RIVAS/Desktop/JUAN RIVAS/INVESTIGACION/PAPERS DE LA NUBE/SCOPUS CADENAS/CADENA 4/wharton2015.pdf:pdf},
keywords = {cloud},
pages = {19--24},
title = {{Comparative Legislation, Corporate Policy, and Citizen Concerns: Legal Solutions for Privacy Protection in Cloud Computing}},
year = {2015}
}
@article{Jansen2011a,
abstract = {Cloud computing can and does mean different things to different people. The common characteristics most interpretations share are on-demand scalability of highly available and reliable pooled computing resources, secure access to metered services from nearly anywhere, and displacement of data and services from inside to outside the organization. While aspects of these characteristics have been realized to a certain extent, cloud computing remains a work in progress. This publication provides an overview of the security and privacy challenges pertinent to public cloud computing and points out considerations organizations should take when outsourcing data, applications, and infrastructure to a public cloud environment.},
author = {Jansen, Wayne and Grance, Timothy},
doi = {10.3233/GOV-2011-0271},
file = {:C$\backslash$:/Users/JUAN RIVAS/Desktop/JUAN RIVAS/INVESTIGACION/mas bibliografia/para completar/10.0000@nvlpubs.nist.gov@generic-04D6E328DD55.pdf:pdf},
isbn = {18787673},
issn = {15227383},
journal = {NIST Special Publication 800-144},
keywords = {Timothy Grance,Wayne Jansen},
pages = {80},
pmid = {62013176},
title = {{Guidelines on Security and Privacy in Public Cloud Computing}},
url = {http://www.nist.gov/customcf/get{\_}pdf.cfm?pub{\_}id=909494},
year = {2011}
}
@article{Kitchenham2007,
abstract = {The objective of this report is to propose comprehensive guidelines for systematic literature reviews appropriate for software engineering researchers, including PhD students. A systematic literature review is a means of evaluating and interpreting all available research relevant to a particular research question, topic area, or phenomenon of interest. Systematic reviews aim to present a fair evaluation of a research topic by using a trustworthy, rigorous, and auditable methodology. The guidelines presented in this report were derived from three existing guidelines used by medical researchers, two books produced by researchers with social science backgrounds and discussions with researchers from other disciplines who are involved in evidence-based practice. The guidelines have been adapted to reflect the specific problems of software engineering research. The guidelines cover three phases of a systematic literature review: planning the review, conducting the review and reporting the review. They provide a relatively high level description. They do not consider the impact of the research questions on the review procedures, nor do they specify in detail the mechanisms needed to perform meta-analysis.},
author = {Kitchenham, Barbara and Charters, Stuart},
doi = {10.1145/1134285.1134500},
file = {:C$\backslash$:/Users/JUAN RIVAS/Desktop/JUAN RIVAS/INVESTIGACION/Revision Sistematica/kitchenham{\_}2007.pdf:pdf},
isbn = {1595933751},
issn = {00010782},
journal = {Engineering},
number = {4ve},
pages = {1051},
title = {{Guidelines for performing Systematic Literature reviews in Software Engineering Version 2.3}},
url = {http://scholar.google.com/scholar?hl=en{\&}btnG=Search{\&}q=intitle:Guidelines+for+performing+Systematic+Literature+Reviews+in+Software+Engineering{\#}0$\backslash$nhttp://www.dur.ac.uk/ebse/resources/Systematic-reviews-5-8.pdf},
volume = {45},
year = {2007}
}
@article{SusanaNavasNavarro2015,
abstract = {La cantidad y la velocidad a la que se producen los datos en el entorno digital plantean cuestiones relacionadas con su adecuado almacenamiento. Los datos masivos o Big Data son datos digitales que, en la actualidad, pueden ser guardados en la “nube”. Los responsables de los datos contratan servicios de computaci{\'{o}}n para su almacenamiento y, en la mayor{\'{i}}a de casos, para su posterior tratamiento. El proveedor de estos servicios es el “encargado” del tratamiento, el cual, a su vez, puede subcontratar a terceros para que realicen determinadas operaciones en relaci{\'{o}}n con aqu{\'{e}}l. Dentro de los Big Data destacan, por su especial protecci{\'{o}}n, los datos personales. En este trabajo, analizamos los servicios de cloud computing, principalmente, desde la perspectiva del titular de esos datos, la persona f{\'{i}}sica. Antes, de todos modos, exponemos los aspectos m{\'{a}}s t{\'{e}}cnicos del tema que nos ocupa.},
author = {{Susana Navas Navarro}},
file = {:C$\backslash$:/Users/JUAN RIVAS/AppData/Local/Mendeley Ltd./Mendeley Desktop/Downloaded/Susana Navas Navarro - 2015 - Computaci{\'{o}}n en la nube Big Data y protecci{\'{o}}n de datos personales.pdf:pdf},
journal = {InDret},
title = {{Computaci{\'{o}}n en la nube: Big Data y protecci{\'{o}}n de datos personales}},
url = {http://www.indret.com/pdf/1193{\_}es.pdf},
year = {2015}
}
@book{Hart1988,
author = {Hart, Chris},
file = {:C$\backslash$:/Users/JUAN RIVAS/Desktop/JUAN RIVAS/INVESTIGACION/Revision Biliografica/hart1998doingaliteraturereview-121110064248-phpapp01.pdf:pdf},
pages = {243},
title = {{Doing a Literature Review}},
year = {1988}
}
@article{Aguilar2013,
abstract = {Cloud Computing*1 is a buzzword that we are hearing more and more. Organizations see this technology as providing the solution to many economic and technology infrastructure problems. Cloud computing (SaaS, PaaS and IaaS) is growing rapidly, and the cloud delivery and implementation models (private, public, hybrid and community) offered by a multitude of providers have become a common part of business strategy and research centre terminology In this article we seek to analyze these models, which have become al-most standard in the industry. We assess their advantages and disadvan-tages, and the main problems associated with cloud computing, such as security, data protection and privacy. The USA has already published a federal cloud computing strategy, and the European Union is developing a similar strategy. Spain should be involved in developing this European strategy. In this paper we will ex-amine the main strategies and propose some ideas for how organizations, companies and the public administrations might adopt the cloud:},
author = {Aguilar, Luis Joyanes},
file = {:C$\backslash$:/Users/JUAN RIVAS/Desktop/JUAN RIVAS/INVESTIGACION/mas bibliografia/Dialnet-ComputacionEnLaNube-4098278{\_}2.pdf:pdf},
isbn = {REVISTA DE EDUCACI{\'{O}}N EN CIENCIAS E INGENIER{\'{I}}A},
issn = {2255-3479},
journal = {Clound Computer},
pages = {130},
title = {{CLOUD COMPUTING Notes for a spanish cloud computing strategy Towards a national cloud computing strategy for administration and companies}},
volume = {2},
year = {2013}
}
@article{Medina2010,
abstract = {Las revisiones sistem{\'{a}}ticas (RS) poseen relevancia en el mundo y en Latinoam{\'{e}}rica por su credibilidad en la b{\'{u}}squeda, recolecci{\'{o}}n, ordenamiento y an{\'{a}}lisis de las investigaciones sobre intervenciones de salud que se han realizado en un periodo de tiempo. Es as{\'{i}} que la pr{\'{a}}ctica basada en la evidencia ha usado las RS como la forma de obtener las mejores evidencias de la efectividad cl{\'{i}}nica. En este art{\'{i}}culo se revisa la metodolog{\'{i}}a, proceso y utilidad de la RS y las implicancias que tiene en las profesiones de la salud como enfermer{\'{i}}a y medicina.},
author = {Medina, Eugenia Urra and Pailaquil{\'{e}}n, Ren{\'{e}} Mauricio Barr{\'{i}}a},
file = {:C$\backslash$:/Users/JUAN RIVAS/Desktop/JUAN RIVAS/INVESTIGACION/seguridad de datos en la nube/es{\_}23.pdf:pdf},
journal = {Revista Latino-Am. Enfermagem},
keywords = {Investigaci{\'{o}}n,Metaan{\'{a}}lisis.,Revisi{\'{o}}n},
number = {4},
pages = {1 -- 8},
title = {{La revisi{\'{o}}n sistematica y su relaci{\'{o}}n con la pr{\'{a}}ctica basada en la evidencia en salud}},
url = {http://www.scielo.br/pdf/rlae/v18n4/es{\_}23.pdf},
volume = {18},
year = {2010}
}
@article{Ryan2013,
abstract = {We briefly survey issues in cloud computing security. The fact that data are shared with the cloud service provider is identified as the core scientific problem that separates cloud computing security from other topics in computing security. We survey three current research directions, and evaluate them in terms of a running software-as-a-service example. {\textcopyright} 2013 Elsevier Inc.},
author = {Ryan, Mark D.},
doi = {10.1016/j.jss.2012.12.025},
file = {:C$\backslash$:/Users/JUAN RIVAS/Desktop/JUAN RIVAS/INVESTIGACION/mas bibliografia/para completar/ryan2013.pdf:pdf},
isbn = {0164-1212},
issn = {01641212},
journal = {Journal of Systems and Software},
keywords = {Browser security,Cloud computing,Homomorphic encryption,Trusted computing},
number = {9},
pages = {2263--2268},
publisher = {Elsevier Inc.},
title = {{Cloud computing security: The scientific challenge, and a survey of solutions}},
url = {http://dx.doi.org/10.1016/j.jss.2012.12.025},
volume = {86},
year = {2013}
}
@article{Marinos2009,
author = {Marinos, Alexandros and Briscoe, Gerard},
file = {:C$\backslash$:/Users/JUAN RIVAS/Desktop/JUAN RIVAS/INVESTIGACION/mas bibliografia/para completar/n7a29.pdf:pdf},
number = {December},
pages = {1--4},
title = {{Community cloud computing Conference paper}},
year = {2009}
}
@article{Fan2016,
author = {Fan, Kefeng and Yao, Xiangzhen and Fan, Xiaohe and Wang, Yong and Chen, Mingjie},
doi = {10.1186/s13635-016-0031-6},
file = {:C$\backslash$:/Users/JUAN RIVAS/Desktop/JUAN RIVAS/INVESTIGACION/PAPERS DE LA NUBE/SCOPUS CADENAS/CADENA 2/fan2016(1).pdf:pdf},
issn = {1687-417X},
journal = {EURASIP Journal on Information Security},
keywords = {Cloud computing,Data protection,UCON,Rights transf,cloud computing,data protection,fair using,rights transfer,ucon},
number = {1},
pages = {7},
publisher = {EURASIP Journal on Information Security},
title = {{A new usage control protocol for data protection of cloud environment}},
url = {http://jis.eurasipjournals.springeropen.com/articles/10.1186/s13635-016-0031-6},
volume = {2016},
year = {2016}
}
@misc{CongresoNacionaldelEcuador1998,
author = {{Congreso Nacional del Ecuador}},
file = {:C$\backslash$:/Users/JUAN RIVAS/Desktop/JUAN RIVAS/INVESTIGACION/LEYES/LEY{\_}DE{\_}PROPIEDAD{\_}INTELECTUAL.pdf:pdf},
isbn = {9788490865613},
number = {320},
pages = {92},
title = {{Ley De Propiedad Intelectual}},
url = {http://www.correosdelecuador.gob.ec/wp-content/uploads/downloads/2015/05/LEY{\_}DE{\_}PROPIEDAD{\_}INTELECTUAL.pdf},
year = {1998}
}
@article{Oppenheim2012,
abstract = {The main characteristics of cloud computing services are explained and the clauses typically included in contracts between suppliers and customers of such services are discussed. Storing data on a cloud service can be more comfortable for an organization and cheaper than local storage, but it involves several risks. Recommendations are given on how to negotiate contracts. A list of questions to be asked of cloud service suppliers is provided so that a potential client can take an informed decision and avoid unpleasant surprises.},
author = {Oppenheim, Charles},
doi = {10.3145/epi.2012.sep.02},
file = {:C$\backslash$:/Users/JUAN RIVAS/AppData/Local/Mendeley Ltd./Mendeley Desktop/Downloaded/Oppenheim - 2012 - Legislaci{\'{o}}n sobre computaci{\'{o}}n en la nube y negociaci{\'{o}}n de contratos.pdf:pdf},
isbn = {http://dialnet.unirioja.es/servlet/dcart?info=link{\&}codigo=4033054{\&}orden=361779},
issn = {1386-6710},
journal = {El profesional de la informaci{\'{o}}n},
keywords = {aspectos legales,caracter{\'{i}}sticas,cloud law and contract,computaci{\'{o}}n en la nube,condiciones,contratos,copyright,derecho de autor,externalizaci{\'{o}}n,leyes,negociaci{\'{o}}n,negotiation,patriot act,privacidad,protecci{\'{o}}n de datos,recomendaciones,riesgos,title},
number = {5},
pages = {453--457},
title = {{Legislaci{\'{o}}n sobre computaci{\'{o}}n en la nube y negociaci{\'{o}}n de contratos}},
url = {http://dialnet.unirioja.es/servlet/articulo?codigo=4033054{\&}info=resumen{\&}idioma=SPA},
volume = {21},
year = {2012}
}
@article{Solutions2012,
author = {Solutions, Management},
file = {:C$\backslash$:/Users/JUAN RIVAS/Desktop/JUAN RIVAS/INVESTIGACION/seguridad de datos en la nube/La-nube.pdf:pdf},
journal = {Articulo},
keywords = {La nube: oportunidades y retos para los integrante},
title = {{La nube: oportunidades y retos para los integrantes de la cadena de valor}},
year = {2012}
}
@article{Lins2016,
abstract = {Cloud computing introduces several characteristics that challenge the effectiveness of current certification approaches. Particularly, the on-demand, automated, location-independent, elastic, and multi-tenant nature of cloud computing systems is in contradiction with the static, manual, and human process-oriented evaluation and certification process designed for traditional IT systems. Cloud-specific certification processes can improve trust in the cloud computing paradigm, and can lead to the wide adoption of cloud services in enterprises by mastery of uncertainty, lack of transparency, and trust. Through third party evaluation cloud customers could receive more unbiased information about cloud-based services and security measures implemented as well as they could compare different cloud service providers much easier. Common certificates are a backward look at the fulfillment of technical and organizational measures at the time of issue and therefore represent a snapshot. This creates a gap between the common certification of one to three years and the high dynamics of the market for cloud services and providers. The proposed dynamic certification approach adopts the common certification process to the increased flexibility and dynamics of cloud computing environments through using of automation potential of security controls and continuous proof of the certification status. Dynamic certification is based on a new semi-automated certification process and the continuous monitoring of critical parameters of cloud services.},
author = {Lins, Sebastian and Grochol, Pascal and Schneider, Stephan and Sunyaev, Ali},
doi = {10.1109/MSP.2016.26},
file = {:C$\backslash$:/Users/JUAN RIVAS/Desktop/JUAN RIVAS/INVESTIGACION/PAPERS DE LA NUBE/SCOPUS CADENAS/CADENA 2/lins2016.pdf:pdf},
isbn = {9780769550084},
issn = {15584046},
journal = {IEEE Security and Privacy},
keywords = {Certification,Cloud computing,Computer security,Law,Monitoring,Verification},
number = {2},
pages = {66--71},
title = {{Dynamic Certification of Cloud Services: Trust, but Verify!}},
volume = {14},
year = {2016}
}
@book{Reis2013,
author = {Reis, D.},
file = {:C$\backslash$:/Users/JUAN RIVAS/Desktop/JUAN RIVAS/INVESTIGACION/seguridad de datos en la nube/cloud-virtualisation-security-for-dummies-ebook-es.pdf:pdf},
isbn = {9781118850954},
title = {{Seguridad para la nube y la virtualizaci{\'{o}}n}},
url = {http://www.trendmicro.es/media/br/cloud-virtualisation-security-for-dummies-ebook-es.pdf},
year = {2013}
}
@article{Choo2014,
abstract = {Ensuring a secure cloud system (and ecosystem) is a highly specialized and interdisciplinary field. It requires a deep understanding of the underlying technical, social, public policy, regulatory, and legal and law enforcement aspects, as well as intimate knowledge of temporal trends (historical, recent, and emerging). Although security, privacy, public policy, legal, and forensic challenges associated with cloud computing have attracted academic attention-particularly the issues relating to data sovereignty and confidentiality and to the inadequacy of our existing legislative and regulatory frameworks to protect data from prying eyes-research on the topic is still in its infancy.},
author = {Choo, Kim Kwang Raymond},
doi = {10.1109/MCC.2014.14},
file = {:C$\backslash$:/Users/JUAN RIVAS/Desktop/JUAN RIVAS/INVESTIGACION/PAPERS DE LA NUBE/IEEE CADENAS/CADENA 1/choo2014.pdf:pdf},
issn = {23256095},
journal = {IEEE Cloud Computing},
keywords = {cloud and the law,cloud security,cybercrime,data privacy,digital forensics,hackers},
number = {1},
pages = {94--96},
title = {{Legal Issues in the Cloud}},
volume = {1},
year = {2014}
}
@article{Fund2016,
abstract = {The rapid growth of multimedia consumption has triggered technical, economic, and business innovations that improve the quality and accessibility of content. It has also opened new markets, promising large revenues for industry players. However, new technologies also pose new questions regarding the legal aspects of content delivery, which are often resolved through litigation between copyright owners and content distributors. The precedents set by these cases will act as a game changer in the content delivery industry, and will shape the existing offerings in the market in terms of how new technologies can be deployed and what kind of pricing strat- egies can be associated with them. In this article, we offer a tutorial on key copy- right and communications laws and decisions related to storage and transmission of video content over the Internet. We summarize legal limitations on the deployment of new technologies and pricing mechanisms, and explain the implications of recent lawsuits. Understanding these concerns is essential for engineers engaged in designing the technical and economic aspects of video delivery systems.},
author = {Fund, Fraida and Hosseini, S. Amir and Panwar, Shivendra S.},
doi = {10.1109/MNET.2016.7437022},
file = {:C$\backslash$:/Users/JUAN RIVAS/Desktop/JUAN RIVAS/INVESTIGACION/PAPERS DE LA NUBE/IEEE CADENAS/CADENA 1/fund2016.pdf:pdf},
issn = {08908044},
journal = {IEEE Network},
number = {2},
pages = {32--38},
title = {{Under a cloud of uncertainty: Legal questions affecting internet storage and transmission of copyright-protected video content}},
volume = {30},
year = {2016}
}
@article{Miralles2010,
abstract = {Resumen El cloud computing es una arquitectura de prestaci{\'{o}}n y/o aprovisionamiento de servicios de tecnolo-g{\'{i}}as de la informaci{\'{o}}n y la comunicaci{\'{o}}n, que est{\'{a}} tomando mucho protagonismo, y que, seg{\'{u}}n los analistas, en los pr{\'{o}}ximos a{\~{n}}os se consolidar{\'{a}} tanto por lo que respecta a los usuarios individuales de la red y servicios en l{\'{i}}nea, como en las empresas, que afectar{\'{a}} a su manera de utilizar las TIC. Con relaci{\'{o}}n a los usuarios de la red el cloud computing tiene muchos puntos de conexi{\'{o}}n con la Web 2.0 y para las empresas est{\'{a}} estrechamente relacionado con los procesos de outsourcing de los servi-cios TIC. En este art{\'{i}}culo se identifican y analizan las cuestiones m{\'{a}}s relevantes del binomio cloud computing y protecci{\'{o}}n de datos de car{\'{a}}cter personal. Palabras clave cloud computing; protecci{\'{o}}n de datos, libertades, privacidad, inform{\'{a}}tica en nube, encargado trata-miento, transferencias internacionales Tema Derecho fundamental, protecci{\'{o}}n de datos, sociedad de la informaci{\'{o}}n Cloud computing and data protection Abstract Cloud computing is an architecture for carrying out and/or providing services for information and communi-cation technologies which is playing an increasingly prominent role. According to analysts, among compa-nies and individual users of the Internet and online services, its application will be consolidated over the next few years. In relation to Internet users, cloud computing has many connections with the web 2.0, and for companies it is closely linked to outsourcing of ICT services. This article identifies and analyses the major questions regarding binomial cloud computing and private data protection.},
archivePrefix = {arXiv},
arxivId = {DP. Revista de Internet, Derecho y Pol{\'{i}}tica},
author = {Miralles, Ram{\'{o}}n},
eprint = {DP. Revista de Internet, Derecho y Pol{\'{i}}tica},
file = {:C$\backslash$:/Users/JUAN RIVAS/AppData/Local/Mendeley Ltd./Mendeley Desktop/Downloaded/Miralles - 2010 - Cloud computing y protecci{\'{o}}n de datos.pdf:pdf},
isbn = {7881702400},
issn = {1699-8154},
journal = {Redalyc},
number = {1699-8154},
pages = {14--23},
title = {{Cloud computing y protecci{\'{o}}n de datos}},
url = {http://www.redalyc.org/articuloBasic.oa?id=7881702400},
year = {2010}
}
@article{Aguilar2012,
abstract = {2008 ha sido el a{\~{n}}o del asentamiento de Tecnolog{\'{i}}as de la Informaci{\'{o}}n (TI) innovadorasde impacto en la econom{\'{i}}a, los negocios y la sociedad en general: Web 2.0,que comenz{\'{o}} a propagarse por Tim O´Reilly en 2004 y ya es una realidad palpable,Web Sem{\'{a}}ntica, propulsada por Tim Berners-Lee -el padre de la Web- y reflejada enlos buscadores sem{\'{a}}nticos cada vez m{\'{a}}s pr{\'{o}}ximos; Web 3.0 como convergencia de laWeb 2.0 y la Web Sem{\'{a}}ntica. La nueva Web han tra{\'{i}}do nuevos modelos tecnol{\'{o}}gicos:Software como Servicio, Virtualizaci{\'{o}}n y Almacenamiento Web. Estos modelos han tra{\'{i}}do un nuevo paradigma tecnol{\'{o}}gico, econ{\'{o}}mico y social: La Computaci{\'{o}}n o Inform{\'{a}}tica en Nube ( Cloud Computing ). El art{\'{i}}culo analiza las ventajas y riesgos para los usuarios, organizaciones y empresas de la adopci{\'{o}}n de esta nueva plataforma o arquitectura web, as{\'{i}} como deja abierto el camino para un an{\'{a}}lisis m{\'{a}}s en profundidadde la naciente Empresa 2.0. Tambi{\'{e}}n se alerta sobre el gran riesgo social que traenestas tecnolog{\'{i}}as “El posible fin de la privacidad”.},
author = {Aguilar, Luis Joyanes},
file = {:C$\backslash$:/Users/JUAN RIVAS/Desktop/JUAN RIVAS/INVESTIGACION/seguridad de datos en la nube/289-941-1-PB.pdf:pdf},
issn = {2341-0841},
journal = {Revista Icade. Revista de las Facultades de Derecho y Ciencias Econ{\'{o}}micas y Empresariales},
keywords = {Cloud Computing,Data Centers,Enterprise 2.0,Softare as an Service,Storaging,Virtualization},
number = {76},
pages = {95--111},
title = {{La Computaci{\'{o}}n en Nube (Cloud Computing): El nuevo paradigma tecnol{\'{o}}gico para empresas y organizaciones en la Sociedad del Conocimiento}},
url = {https://revistas.upcomillas.es/index.php/revistaicade/article/view/289},
year = {2012}
}
@article{Zhao2015,
abstract = {Service Level Agreements (SLA) represent the contract which captures the agreed upon guarantees between a service provider and its customers. The specifications of existing service level agreements (SLA) for cloud services are not designed to flexibly handle even relatively straightforward performance and technical requirements of consumer applications. In this article, we present a novel approach for SLA-based management of cloud-hosted databases from the consumer perspective. We present an end-to-end framework for consumer-centric SLA management of cloud-hosted databases. The framework facilitates adaptive and dynamic provisioning of the database tier of the software applications based on application-defined policies for satisfying their own SLA performance requirements, avoiding the cost of any SLA violation and controlling the monetary cost of the allocated computing resources. In this framework, the SLA of the consumer applications are declaratively defined in terms of goals which are subjected to a number of constraints that are specific to the application requirements. The framework continuously monitors the application-defined SLA and automatically triggers the execution of necessary corrective actions (scaling out/in the database tier) when required. The framework is database platform-agnostic, uses virtualization-based database replication mechanisms, and requires zero source code changes of the cloud-hosted software applications. The experimental results demonstrate the effectiveness of our SLA-based framework in providing the consumer applications with the required flexibility for achieving their SLA requirements.},
author = {Zhao, Liang and Sakr, Sherif and Liu, Anna},
doi = {10.1109/TSC.2013.5},
file = {:C$\backslash$:/Users/JUAN RIVAS/Desktop/JUAN RIVAS/INVESTIGACION/PAPERS DE LA NUBE/IEEE CADENAS/CADENA 1/zhao2013.pdf:pdf},
issn = {1939-1374},
journal = {Services computing, IEEE Transactions on},
keywords = {Availability,Cloud computing,Cloud databases,Databases,Measurement,Monitoring,NoSQL systems,SLA-based management,Servers,Service Level Agreements (SLA),allocated computing resources,application-defined policies,cloud computing,cloud services,cloud-hosted databases,cloud-hosted software applications,consumer applications,consumer perspective,consumer-centric SLA management,contracts,costing,database platform-agnostic framework,database-as-a-service,monetary cost,replicated databases,service level agreements,service provider,software applications,virtualisation,virtualization-based database replication mechanis},
number = {4},
pages = {534--549},
title = {{A framework for consumer-centric SLA management of cloud-hosted databases}},
url = {http://ieeexplore.ieee.org/lpdocs/epic03/wrapper.htm?arnumber=6461875},
volume = {8},
year = {2015}
}
@article{Jensen2009,
abstract = {The Cloud Computing concept offers dynamically scalable resources provisioned as a service over the Internet. Economic benefits are the main driver for the Cloud, since it promises the reduction of capital expenditure (CapEx) and operational expenditure (OpEx). In order for this to become reality, however, there are still some challenges to be solved. Amongst these are security and trust issues, since the user's data has to be released to the Cloud and thus leaves the protection-sphere of the data owner. Most of the discussions on this topics are mainly driven by arguments related to organizational means. This paper focuses on technical security issues arising from the usage of Cloud services and especially by the underlying technologies used to build these cross-domain Internet-connected collaborations.},
author = {Jensen, Meiko and Schwenk, J{\"{o}}rg and Gruschka, Nils and Iacono, Luigi Lo},
doi = {10.1109/CLOUD.2009.60},
file = {:C$\backslash$:/Users/JUAN RIVAS/Desktop/JUAN RIVAS/INVESTIGACION/mas bibliografia/para completar/jensen2009.pdf:pdf},
isbn = {9780769538402},
issn = {1466-6642},
journal = {CLOUD 2009 - 2009 IEEE International Conference on Cloud Computing},
pages = {109--116},
title = {{On technical security issues in cloud computing}},
year = {2012}
}
@article{GuiraoGoris2015,
abstract = {La r{\'{a}}pida progresi{\'{o}}n del conocimiento cient{\'{i}}fico mediado por la aparici{\'{o}}n creciente de publicaciones en un medio como la internet requiere la realizaci{\'{o}}n de revisiones de la literatura cient{\'{i}}fica que nos permitan tener un conocimiento actualizado sobre un tema de inter{\'{e}}s. El progreso que se ha producido tras la aparici{\'{o}}n del movimiento de la pr{\'{a}}ctica basada en la evidencia ha supuesto la aparici{\'{o}}n de nuevos tipos de revisiones de la literatura. El objetivo de este art{\'{i}}culo es proporcionar un conocimiento global de lo que es una revisi{\'{o}}n de la literatura. Se explora su prop{\'{o}}sito y relevancia y las diferencias entre la revisi{\'{o}}n de la literatura y otras formas de escritura acad{\'{e}}mica as{\'{i}} como una categorizaci{\'{o}}n de los tipos de revisiones.},
author = {{Guirao Goris}, Silamani JA},
doi = {10.4321/S1988-348X2015000200002},
file = {:C$\backslash$:/Users/JUAN RIVAS/Desktop/JUAN RIVAS/INVESTIGACION/Revision Biliografica/Guirao Goris.pdf:pdf},
issn = {1988-348X},
journal = {ENE, Revista de Enfermeria},
keywords = {antropolog{\'{i}}a de los cuidados,enfermer{\'{i}}a transcultural,inmigraci{\'{o}}n en},
number = {2},
pages = {1--7},
title = {{Utilidad y tipos de revisi{\'{o}}n de literatura}},
volume = {9},
year = {2015}
}
@article{Garcia2012,
abstract = {En este art{\'{i}}culo se analiza c{\'{o}}mo se debe estructurar y dise{\~{n}}ar la contrataci{\'{o}}n empresarial de los servicios de Cloud Computing, a la luz de la normativa espa{\~{n}}ola y europea, atendiendo a los aspectos m{\'{a}}s relevantes de estos servicios y facilitando las claves para cubrir los riesgos jur{\'{i}}dicos que pueden surgir durante la fase de contrataci{\'{o}}n de estos servicios y en la fase de prestaci{\'{o}}n de los mismos.},
author = {Garc{\'{i}}a, Rafael},
file = {:C$\backslash$:/Users/JUAN RIVAS/AppData/Local/Mendeley Ltd./Mendeley Desktop/Downloaded/Garc{\'{i}}a - 2012 - Cloud Computing Aspectos Jur{\'{i}}dicos Clave Para La Contrataci{\'{o}}n De Estos Servicios.pdf:pdf},
journal = {Revista Espa{\~{n}}ola de Relaciones Internacionalesnternacionales},
keywords = {- 1,2,3,4,5,6,7,beneficios y riesgos,cloud computing,cloud computing b2b,concienciaci{\'{o}}n,de servicios,definici{\'{o}}n del cloud computing,el contrato de prestaci{\'{o}}n,elementos caracterizadores,modelos de,nubes,sumario,tipos de servicios},
pages = {48--91},
title = {{Cloud Computing : Aspectos Jur{\'{i}}dicos Clave Para La Contrataci{\'{o}}n De Estos Servicios}},
volume = {4},
year = {2012}
}
@article{Lakrami2016,
abstract = {A mobile ad hoc network (MANET) is a decentralized type of wireless network, characterized by a dynamic topology. Supporting appropriate quality of service for mobile ad hoc networks is a complex and difficult task because of the bandwidth constraints and dynamic nature of the network. A routing protocol has a significant role in terms of the performance. It is used to discover and to establish correct and efficient route between a pair of source and destination nodes so that messages may be delivered in a timely manner. In this paper we have done the study of OLSR (Optimized Link State Routing) protocol. The key concept used in the protocol is that of multi-point relays (MPRs), which are selected nodes that forward broadcast messages during the flooding process. The objective of this paper is to examine QoS constraint in OLSR protocol. We present a state-of-the-art review and a comparison of typical representatives OLSR extensions, designed to enhance the quality of service in the original OLSR. The report aims to create a taxonomy of OLSR extension's with QoS support on the basis of the nature and the number of the metrics used to adapt the protocol to QoS requirements.},
author = {Lakrami, Fatima and Elkamoun, N. and Kamili, M. El},
doi = {10.1007/978-981-287-990-5},
file = {:C$\backslash$:/Users/JUAN RIVAS/Desktop/JUAN RIVAS/INVESTIGACION/PAPERS DE LA NUBE/SCOPUS CADENAS/CADENA 4/maftahi2016.pdf:pdf},
isbn = {978-981-287-989-9},
issn = {18761119},
journal = {Lecture Notes in Electrical Engineering},
keywords = {Manets,Mobility,OLSR,QoS,Vanets},
pages = {287--300},
title = {{Advances in Ubiquitous Networking}},
url = {http://www.scopus.com/inward/record.url?eid=2-s2.0-84959114367{\&}partnerID=tZOtx3y1},
volume = {366},
year = {2016}
}
@article{Pearson2013,
abstract = {Cloud computing refers to the underlying infrastructure for an emerging model of service provision that has the advantage of reducing cost by sharing computing and storage resources, combined with an on-demand provisioning mechanism relying on a pay-per-use business model. These new features have a direct impact on information technology (IT) budgeting but also affect traditional security, trust and privacy mechan-isms. The advantaeges of cloud computing – its ability to scale rapidly, store data remotely, and share services in a dynamic environment – can become disadvantages in maintaining a level of assurance sufficient to sustain confidence in potential customers. Some core traditional mechanisms for addressing privacy (such as model contracts) are no longer flexible or dynamic enough, so new approaches need to be developed to fit this new paradigm. In this chapter we assess how security, trust and privacy issues occur in the context of cloud computing and discuss ways in which they may be addressed.},
archivePrefix = {arXiv},
arxivId = {arXiv:1011.1669v3},
author = {Pearson, Siani},
doi = {10.1007/978-1-4471-4189-1},
eprint = {arXiv:1011.1669v3},
file = {:C$\backslash$:/Users/JUAN RIVAS/Desktop/JUAN RIVAS/INVESTIGACION/mas bibliografia/para completar/HPL-2012-80R1.pdf:pdf},
isbn = {9781447141891},
issn = {1098-6596},
journal = {Privacy and Security for Cloud Computing},
keywords = {cloud computing,privacy,s,security,trust},
pages = {3--42},
pmid = {25246403},
title = {{Privacy, Security and Trust in Cloud Computing}},
year = {2013}
}
@article{Singh,
abstract = {Cloud services are largely opaque. Information flow control aids transparency and compliance by enabling auditable, fine-grained control over data moving within and between cloud services. s cloud computing becomes an increasingly dominant means of pro-viding computing resources, the legal and regulatory issues associated with data in the cloud become more pronounced. These issues derive primarily from four areas: contract, data protection, law enforcement, and regulatory and common law protections for particularly sensitive domains such as health, finance, fiduciary relations, and intellectual property assets. From a technical perspective, these legal requirements all impose infor-mation management obligations on data sharing and transmission within cloud-hosted},
archivePrefix = {arXiv},
arxivId = {arXiv:1011.1669v3},
author = {Singh, Jatinder and Powles, Julia and Pasquier, Thomas and Bacon, Jean},
doi = {10.1007/s13398-014-0173-7.2},
eprint = {arXiv:1011.1669v3},
file = {:C$\backslash$:/Users/JUAN RIVAS/Desktop/JUAN RIVAS/INVESTIGACION/PAPERS DE LA NUBE/IEEE CADENAS/CADENA 1/singh2015.pdf:pdf},
isbn = {9780874216561},
issn = {0717-6163},
pmid = {15003161},
title = {{Data Flow Management and Compliance in Cloud Computing}}
}
@article{Dinadayalan2014,
abstract = {Cloud computing is an internet based model that enable convenient, on demand and pay per use access to a pool of shared resources. It is a new technology that satisfies a user's requirement for computing resources like networks, storage, servers, services and applications, Data security is one of the leading concerns and primary challenges for cloud computing. This issue is getting more serious with the development of cloud computing. From the consumers' perspective, cloud computing security concerns, especially data security and privacy protection issues, remain the primary inhibitor for adoption of cloud computing services. This paper analyses the basic problem of cloud computing and describes the data security and privacy protection issues in cloud. {\textcopyright} 2014 IEEE.},
author = {Dinadayalan, P. and Jegadeeswari, S. and Gnanambigai, D.},
doi = {10.1109/WCCCT.2014.63},
file = {:C$\backslash$:/Users/JUAN RIVAS/Desktop/JUAN RIVAS/INVESTIGACION/PAPERS DE LA NUBE/IEEE CADENAS/CADENA 2/dinadayalan2014.pdf:pdf},
isbn = {9781479928767},
journal = {Proceedings - 2014 World Congress on Computing and Communication Technologies, WCCCT 2014},
keywords = {Cloud Computing,Cloud Computing Security,Data Security,Privacy protection},
pages = {88--91},
title = {{Data security issues in cloud environment and solutions}},
year = {2014}
}
@article{Mirobi2015,
author = {Mirobi, G Justy and Nadu, Tamil},
file = {:C$\backslash$:/Users/JUAN RIVAS/Desktop/JUAN RIVAS/INVESTIGACION/PAPERS DE LA NUBE/SCOPUS CADENAS/CADENA 1/10.1109@ICCICCT.2015.7475380.pdf:pdf},
isbn = {9781467398251},
keywords = {- cloud computing,agreement,monitoring,remote server,service level},
pages = {1--6},
title = {{Service Level Agreement In Cloud Computing . An Overview}},
year = {2015}
}
@article{Kohne2016,
author = {Kohne, Andreas and Nagel, Lars and Gutenberg-universit, Johannes},
file = {:C$\backslash$:/Users/JUAN RIVAS/Desktop/JUAN RIVAS/INVESTIGACION/PAPERS DE LA NUBE/SCOPUS CADENAS/CADENA 2/kohne2016.pdf:pdf},
isbn = {9781450342940},
keywords = {cloud computing,scheduling,service level,simulation},
number = {212},
title = {{Evaluation of SLA-based Decision Strategies for VM Scheduling in Cloud Data Centers}},
volume = {1},
year = {2016}
}
@article{Modi2013,
abstract = {Cloud computing offers scalable on-demand services to consumers with$\backslash$ngreater flexibility and lesser infrastructure investment. Since Cloud$\backslash$nservices are delivered using classical network protocols and formats$\backslash$nover the Internet, implicit vulnerabilities existing in these protocols$\backslash$nas well as threats introduced by newer architectures raise many security$\backslash$nand privacy concerns. In this paper, we survey the factors affecting$\backslash$nCloud computing adoption, vulnerabilities and attacks, and identify$\backslash$nrelevant solution directives to strengthen security and privacy in the$\backslash$nCloud environment.},
author = {Modi, Chirag and Patel, Dhiren and Borisaniya, Bhavesh and Patel, Avi and Rajarajan, Muttukrishnan},
doi = {10.1007/s11227-012-0831-5},
file = {:C$\backslash$:/Users/JUAN RIVAS/Desktop/JUAN RIVAS/INVESTIGACION/mas bibliografia/para completar/modi2012.pdf:pdf},
isbn = {0920-8542},
issn = {09208542},
journal = {Journal of Supercomputing},
keywords = {Cloud computing,Privacy,Security,Virtualization,Vulnerabilities},
number = {2},
pages = {561--592},
title = {{A survey on security issues and solutions at different layers of Cloud computing}},
volume = {63},
year = {2013}
}
@article{Leenes2011,
abstract = {Aquest article tracta d'alguns dels temes de protecci{\'{o}} de dades que es q{\"{u}}estionen en inform{\`{a}}tica en n{\'{u}}vol. Concretament, aborda la q{\"{u}}esti{\'{o}} de la responsabilitat en el tractament de dades personals en situacions d'inform{\`{a}}tica en n{\'{u}}vol des de la perspectiva de la Uni{\'{o}} Europea: com s'han d'avaluar models d'inform{\`{a}}tica en n{\'{u}}vol diferents pel que fa a la Directiva 95/46/CE?, continuen essent {\'{u}}tils els conceptes de responsable del tractament de dades, encarregat del tractament de dades i interessat o titular de les dades tal com es defineixen en aquesta Directiva? La conclusi{\'{o}} d'aquesta an{\`{a}}lisi {\'{e}}s que les situacions d'inform{\`{a}}tica en n{\'{u}}vol s'han d'avaluar de forma individual i que la protecci{\'{o}} que s'ofereix als titulars de les dades o interessats en la Directiva sol ser insatisfact{\`{o}}ria.},
author = {Leenes, Ronald},
file = {:C$\backslash$:/Users/JUAN RIVAS/AppData/Local/Mendeley Ltd./Mendeley Desktop/Downloaded/Leenes - 2011 - ¿ Qui{\'{e}}n controla la nube.pdf:pdf},
isbn = {7881702400},
issn = {1699-8154},
journal = {IDP. Revista de Internet, Derecho y Pol{\'{i}}tica},
keywords = {computaci{\'{o}}n en nube,privacidad,protecci{\'{o}}n de datos},
pages = {2--13},
title = {{¿ Qui{\'{e}}n controla la nube?}},
url = {http://scholar.google.com/scholar?hl=en{\&}btnG=Search{\&}q=intitle:?+Qui?n+controla+la+nube+?{\#}0},
volume = {11},
year = {2011}
}
@article{MorenoGomez2013,
abstract = {Cloud computing represents a way of storing and managing information on servers which, in most cases, are in different jurisdictions than the contractors; being a new technological phenomenon the legal systems are a step back, needing to do an analysis of the contractual relationships and obligations arising from this technology. At the same time address the issue of jurisdiction for the contracts, focusing on the specific aspects of data protection. (English) [ABSTRACT FROM AUTHOR]},
author = {{Moreno G{\'{o}}mez}, Gonzalo Andr{\'{e}}s},
file = {:C$\backslash$:/Users/JUAN RIVAS/Desktop/JUAN RIVAS/INVESTIGACION/mas bibliografia/para completar/Jurisdiccion-y-cloud-Gonzalo-Moreno-2013.pdf:pdf},
issn = {17949254},
journal = {Revista de Derecho Comunicaciones y Nuevas Tecnolog{\'{i}}as},
keywords = {Cloud computing,INFORMATION resources management,TECHNOLOGY {\&} law,computaci{\'{o}}n en la nube,contracts,contratos,data protection,infraestructura como servicio,infrastructure as a service,international data transfers,jurisdicci{\'{o}}n,jurisdiction,liability,plataforma como servicio,platform as a service,protecci{\'{o}}n de datos personales,responsabilidad civil,software as a service,software como servicio,transferencia internacional de datos},
pages = {1--28},
title = {{JURISDICCI{\'{O}}N APLICABLE EN MATERIA DE DATOS PERSONALES EN LOS CONTRATOS DE CLOUD COMPUTING: AN{\'{A}}LISIS BAJO LA LEGISLACI{\'{O}}N COLOMBIANA. (Spanish)}},
url = {http://search.ebscohost.com/login.aspx?direct=true{\&}db=fua{\&}AN=89758934{\&}lang=es{\&}site=ehost-live},
year = {2013}
}
@misc{AxelSpringer2013,
abstract = {la gu{\'{i}}a definitiva para dominar la nube},
author = {{Axel Springer}},
file = {:C$\backslash$:/Users/JUAN RIVAS/Desktop/JUAN RIVAS/INVESTIGACION/seguridad de datos en la nube/El{\_}Gran{\_}Libro{\_}de{\_}Cloud{\_}Computing.pdf:pdf},
pages = {1 -- 28},
title = {{El Gran Ligro de Cloud Computing}},
url = {www.imagine.publishing.co.uk},
year = {2013}
}
@article{Guzek2015,
abstract = {Cloud computing is significantly reshaping the computing industry. Individuals and small organizations can benefit from using state-of-the-art services and infrastructure, while large companies are attracted by the flexibility and the speed with which they can obtain the services. Service providers compete to offer the most attractive conditions at the lowest prices. However, the environmental impact and legal aspects of cloud solutions pose additional challenges. Indeed, the new cloud-related techniques for resource virtualization and sharing and the corresponding service level agreements call for new optimization models and solutions. It is important for computational intelligence researchers to understand the novelties introduced by cloud computing. The current survey highlights and classifies key research questions, the current state of the art, and open problems.},
author = {Guzek, Mateusz and Bouvry, Pascal and Talbi, El Ghazali},
doi = {10.1109/MCI.2015.2405351},
file = {:C$\backslash$:/Users/JUAN RIVAS/Desktop/JUAN RIVAS/INVESTIGACION/PAPERS DE LA NUBE/IEEE CADENAS/CADENA 4/guzek2015.pdf:pdf},
issn = {1556603X},
journal = {IEEE Computational Intelligence Magazine},
number = {2},
pages = {53--67},
title = {{A survey of evolutionary computation for resource management of processing in cloud computing [review article]}},
volume = {10},
year = {2015}
}
@misc{CongresoNacional2014,
abstract = {Que la generalidad de ciudadanos ecuatorianos son v{\'{i}}ctimas permanentes de todo tipo de abusos por parte de empresas p{\'{u}}blicas y privadas de las que son usuarios y consumidores, Que de conformidad con lo dispuesto por el numeral 7 del art{\'{i}}culo 23 de la Constituci{\'{o}}n Pol{\'{i}}tica de la Rep{\'{u}}blica, es deber del Estado garantizar el derecho a disponer de bienes y servicios p{\'{u}}blicos y privados, de {\'{o}}ptima calidad; a elegirlos con libertad, as{\'{i}} como a recibir informaci{\'{o}}n adecuada y veraz sobre su contenido y caracter{\'{i}}sticas; Que el articulo 92 de la Constituci{\'{o}}n Pol{\'{i}}tica de la Rep{\'{u}}blica dispone que la ley establecer{\'{a}} los mecanismos de control de calidad, los procedimientos de defensa del consumidor, la reparaci{\'{o}}n e indemnizaci{\'{o}}n por deficiencias, da{\~{n}}os y mala calidad de bienes y servicios y por la interrupci{\'{o}}n de los servicios p{\'{u}}blicos no ocasionados por cat{\'{a}}strofes, caso fortuito o fuerza mayor. y las sanciones por la violaci{\'{o}}n de estos derechos;},
author = {{Congreso Nacional}},
file = {:C$\backslash$:/Users/JUAN RIVAS/Desktop/JUAN RIVAS/INVESTIGACION/LEYES/A2-LEY-ORGANICA-DE-DEFENSA-DEL-CONSUMIDOR.pdf:pdf},
keywords = {consumidor,defensa,procedimientos,reparaci{\'{o}}n},
pages = {34},
title = {{Ley Org{\'{a}}nica De Defensa Del Consumidor}},
url = {http://www.cetid.abogados.ec/archivos/95.pdf},
volume = {3},
year = {2014}
}
@article{Kao2016,
abstract = {Cyber offenders spread their influence as fast as the Internet and cloud computing develop. Cloud computing enhances challenges in collecting and analyzing digital evidence in a cybercrime investigation. Research on cloud storage forensics is scarce to obtain evidence or analyze metadata. This study proposes a time-based investigation in a complex cloud environment. Establishing timeline information using date-time stamps could help when the law enforcement agents investigate cloud-related crime. Some experiments are observed from three users (creator, coauthor and browser), four computers and five file operation processes (file created, file accessed, file modified, file shared, and file downloaded). This study presents a novel cybercrime investigation countermeasure using a created-accessed-modified (CAM) model to improve the effectiveness of forensic analysis. This may have implications when examiners analyze hard disks or when a user has synchronized files from a cloud account prior to computer seizure. The countermeasure methodology is potentially useful for evidentiary datasets and investigations.},
author = {Kao, Da Yu},
doi = {10.1007/s11227-015-1516-7},
file = {:C$\backslash$:/Users/JUAN RIVAS/Desktop/JUAN RIVAS/INVESTIGACION/PAPERS DE LA NUBE/SCOPUS CADENAS/CADENA 2/kao2015.pdf:pdf},
isbn = {0920-8542},
issn = {15730484},
journal = {Journal of Supercomputing},
keywords = {Cloud storage forensics,Crime reconstruction,Cybercrime countermeasure,Date-time stamp,Digital evidence,Event timeline},
number = {1},
pages = {141--160},
publisher = {Springer US},
title = {{Cybercrime investigation countermeasure using created-accessed-modified model in cloud computing environments}},
url = {"http://dx.doi.org/10.1007/s11227-015-1516-7},
volume = {72},
year = {2016}
}
@article{XuWuDaneshmandLiu2015,
abstract = {In this paper, we present three experimental proof-of-concepts: First, we demonstrate a Ubiquitous Computing Framework (UCF), which is a network of interacting technologies that support humans ubiquitously. We then present practical work based on this UCF framework: TalkingPoints, which was originally developed for use at trading fairs in order to identify each participant and company via transponder and provide specific information during and after use. Finally, we propose GARFID, a concept for using advanced technologies for teaching young children. The main outcome of this research is that the concept of UCF raises a lot of possibilities, which can bring value and benefits for end-users. When one follows the Working-is-Learning paradigm, it can be seen that the implementation of this type of technology can support Life Long Learning, thereby providing evidence that technology can benefit everybody and make life easier.},
archivePrefix = {arXiv},
arxivId = {arXiv:1405.1155v1},
author = {{Xu, Wu, Daneshmand, Liu}, Wang},
doi = {10.1002/wcm},
eprint = {arXiv:1405.1155v1},
file = {:C$\backslash$:/Users/JUAN RIVAS/Desktop/JUAN RIVAS/INVESTIGACION/mas bibliografia/para completar/dinh2011.pdf:pdf},
isbn = {1530-8677},
issn = {15308669},
journal = {Wireless Communications and Mobile Computing},
keywords = {10.1002/wcm.2356 and generative models,Markov models,burst error statistics,deterministic fading processes,digital wireless channels,generative models,markov models},
number = {February 2015},
pages = {421--430},
title = {{A data privacy protective mechanism for WBAN}},
url = {http://eprints.soton.ac.uk/266684/},
year = {2015}
}
@article{Nebulosa2015,
author = {Nebulosa, U N A Regulaci{\'{o}}n and Hueso, Lorenzo Cotino},
doi = {10.2436/20.8030.01.55.Lorenzo},
file = {:C$\backslash$:/Users/JUAN RIVAS/AppData/Local/Mendeley Ltd./Mendeley Desktop/Downloaded/Nebulosa, Hueso - 2015 - Algunas cuestiones clave de protecci{\'{o}}n de datos en la nube. Hacia una “regulaci{\'{o}}n nebulosa”.pdf:pdf},
keywords = {computaci{\'{o}}n en la nube,derecho,nube,privacidad,protecci{\'{o}}n de datos,seguridad de la informaci{\'{o}}n},
number = {diciembre},
pages = {85--103},
title = {{Algunas cuestiones clave de protecci{\'{o}}n de datos en la nube. Hacia una “regulaci{\'{o}}n nebulosa”}},
volume = {51},
year = {2015}
}
@article{Peng2015,
abstract = {Heterogeneous cloud radio access networks (H-CRANs) are potential solutions for improving both spectral and energy efficiencies by embedding cloud computing into heterogeneous networks. The interference among remote radio heads (RRHs) can be suppressed with centralized cooperative processing in the base band unit (BBU) pool, while the inter-tier interference between RRHs and macro base stations (MBSs) is still challenging in H-CRANs. In this paper, to mitigate this inter-tier interference, a contract-based interference coordination framework is proposed, in which three scheduling schemes are involved, and the downlink transmission interval is divided into three phases accordingly. The core idea of the proposed framework is that the BBU pool covering all RRHs is selected as the principal that would offer a contract to the MBS, and the MBS as the agent decides whether to accept the contract or not according to an individual rational constraint. An optimal contract design that maximizes the rate-based utility is derived when perfect channel state information (CSI) is acquired at both principal and agent. Furthermore, contract optimization under the situation in which only partial CSI can be obtained from practical channel estimation is addressed as well. Monte Carlo simulations are provided to confirm the analysis, and simulation results show that the proposed framework can significantly increase the transmission data rates over baselines, thus demonstrating the effectiveness of the proposed contract-based solution.},
archivePrefix = {arXiv},
arxivId = {arXiv:1503.01191v1},
author = {Peng, Mugen and Xie, Xinqian and Hu, Qiang and Zhang, Jie and Poor, H. Vincent},
doi = {10.1109/JSAC.2015.2416985},
eprint = {arXiv:1503.01191v1},
file = {:C$\backslash$:/Users/JUAN RIVAS/Desktop/JUAN RIVAS/INVESTIGACION/PAPERS DE LA NUBE/IEEE CADENAS/CADENA 1/peng2015.pdf:pdf},
isbn = {0733-8716},
issn = {07338716},
journal = {IEEE Journal on Selected Areas in Communications},
keywords = {Base stations,Cloud computing,Contracts,Game theory,Games,Heterogeneous cloud radio access networks,Interference,Radio access networks,contract-based game theory,interference coordination},
number = {6},
pages = {1140--1153},
title = {{Contract-based interference coordination in heterogeneous cloud radio access networks}},
volume = {33},
year = {2015}
}
@article{Brereton2007,
abstract = {A consequence of the growing number of empirical studies in software engineering is the need to adopt systematic approaches to assessing and aggregating research outcomes in order to provide a balanced and objective summary of research evidence for a particular topic. The paper reports experiences with applying one such approach, the practice of systematic literature review, to the published studies relevant to topics within the software engineering domain. The systematic literature review process is summarised, a number of reviews being undertaken by the authors and others are described and some lessons about the applicability of this practice to software engineering are extracted. The basic systematic literature review process seems appropriate to software engineering and the preparation and validation of a review protocol in advance of a review activity is especially valuable. The paper highlights areas where some adaptation of the process to accommodate the domain-specific characteristics of software engineering is needed as well as areas where improvements to current software engineering infrastructure and practices would enhance its applicability. In particular, infrastructure support provided by software engineering indexing databases is inadequate. Also, the quality of abstracts is poor; it is usually not possible to judge the relevance of a study from a review of the abstract alone. ?? 2006 Elsevier Inc. All rights reserved.},
author = {Brereton, Pearl and Kitchenham, Barbara A. and Budgen, David and Turner, Mark and Khalil, Mohamed},
doi = {10.1016/j.jss.2006.07.009},
file = {:C$\backslash$:/Users/JUAN RIVAS/Desktop/JUAN RIVAS/INVESTIGACION/Revision Sistematica/MENDELEY/revicion sistematica.pdf:pdf},
isbn = {0164-1212},
issn = {01641212},
journal = {Journal of Systems and Software},
keywords = {Empirical software engineering,Systematic literature review},
number = {4},
pages = {571--583},
publisher = {Elsevier Inc.},
title = {{Lessons from applying the systematic literature review process within the software engineering domain}},
url = {http://dx.doi.org/10.1016/j.jss.2006.07.009},
volume = {80},
year = {2007}
}
@misc{Constituyente,
author = {Constituyente, Asamblea},
file = {:C$\backslash$:/Users/JUAN RIVAS/Desktop/JUAN RIVAS/INVESTIGACION/LEYES/constitucion{\_}de{\_}bolsillo.pdf:pdf},
title = {{Constituci{\'{o}}n del Ecuador.}},
year = {2008}
}
@article{Rafael2013,
abstract = {Dise{\~{n}}o conceptual de un Sistema Experto Inform{\'{a}}tico, como herramienta de apoyo en el proceso de elaboraci{\'{o}}n de nuevas leyes, procedimientos, normas y reglamentos en el Ecuador.},
author = {Rafael, Jorge and Mac{\'{i}}as, Reyes},
file = {:C$\backslash$:/Users/JUAN RIVAS/Desktop/JUAN RIVAS/INVESTIGACION/seguridad de datos en la nube/T1368-MDE-Jacome-La proteccion.pdf:pdf},
title = {{LA PROTECCI{\'{O}}N JUR{\'{I}}DICA A LAS BASES DE DATOS}},
year = {2013}
}
@article{GutierrezHoracioE.;Korn2014,
author = {{Guti{\'{e}}rrez, Horacio E.; Korn}, Daniel},
file = {:C$\backslash$:/Users/JUAN RIVAS/AppData/Local/Mendeley Ltd./Mendeley Desktop/Downloaded/Guti{\'{e}}rrez, Horacio E. Korn - 2014 - Facilitando “The Cloud ” la regulaci{\'{o}}n de la protecci{\'{o}}n de datos como motor de la competitividad nac.pdf:pdf},
journal = {Revista la Propiedad Intelectual},
pages = {85--118},
title = {{Facilitando “The Cloud ”: la regulaci{\'{o}}n de la protecci{\'{o}}n de datos como motor de la competitividad nacional en Am{\'{e}}rica Latina}},
url = {http://revistas.uexternado.edu.co/index.php?journal=propin{\&}page=article{\&}op=view{\&}path[]=3908{\&}path[]=4202},
volume = {18},
year = {2014}
}
@article{Eugene2013,
abstract = {Information Technology has always been considered a major pain point of enterprise organizations, from the perspectives of both cost and management. However, the information technology industry has experienced a dramatic shift in the past decade - factors such as hardware commoditization, open-source software, virtualization, workforce globalization, and agile IT processes have supported the development of new technology and business models. Cloud computing now offers organizations more choices regarding how to run infrastructures, save costs, and delegate liabilities to third-party providers. It has become an integral part of technology and business models, and has forced businesses to adapt to new technology strategies. Accordingly, the demand for cloud computing has forced the development of new market offerings, representing various cloud service and delivery models. These models significantly expand the range of available options, and task organizations with dilemmas over which cloud computing model to employ. This thesis poses analysis of available cloud computing models and potential future cloud computing trends. Comparative analysis includes cloud services delivery (SaaS, PaaS, IaaS) and deployment models (private, public, and hybrid). Cloud computing paradigms are discussed in the context of technical, business, and human factors, analyzing how business and technology strategy could be impacted by the following aspects of cloud computing: o Architecture o Security o Costs o Hardware/software trends (commodity vs. brands, open vs. closed-source) o Organizational/human Factors To provide a systematic approach to the research presented in this paper, cloud taxonomy is introduced to classify and compare the available cloud service offerings. In particular, this thesis focuses on the services of a few major cloud providers. Amazon Web Services (AWS) will be used as a base in many examples because this cloud provider represents approximately 70{\%} of the current public cloud services market. Amazon's AWS has become a cloud services trendsetter, and a reference point for other cloud service providers. The analysis of cloud computing models has shown that public cloud deployment model is likely to stay dominant and keep expanding further. Private and Hybrid deployment models are going to stay for years ahead but their market share is going to continuously drop. In the long-term private and Hybrid cloud models most probably will be used only for specific business cases. IaaS service delivery model is likely to keep losing market share to PaaS and SaaS models because companies realize more value and resource-savings from software and platform services rather than infrastructure. In the near future we can expect significant number of market consolidations with few large players retaining market control at the end.},
author = {Eugene, Gorelik},
doi = {10.1201/b11149},
file = {:C$\backslash$:/Users/JUAN RIVAS/Desktop/JUAN RIVAS/INVESTIGACION/mas bibliografia/2013-01.pdf:pdf},
isbn = {1449647391},
issn = {03029743},
journal = {Massachusetts Intitute of Technology},
number = {January},
pages = {1--81},
pmid = {21866720},
title = {{Cloud Computing Models}},
year = {2013}
}
@article{Papadopoulou2008,
author = {Papadopoulou, Eliza},
file = {:C$\backslash$:/Users/JUAN RIVAS/Desktop/JUAN RIVAS/INVESTIGACION/mas bibliografia/para completar/security2.pdf:pdf},
issn = {0148-5598},
number = {July},
title = {{Security and Privacy}},
year = {2008}
}
@article{EPI,
author = {profecional de la Informacion), EPI(El},
title = {{EPI}},
url = {http://elprofesionaldelainformacion.com/}
}
@article{Oliveira2016,
abstract = {Cloud computing services are accessible from anywhere and used worldwide. There is plenty of information about concepts, architecture and models to deploy cloud systems. On the other hand, there is a lack of standardized information about the utilization, the contracts, and the main performance metrics demanded by cloud services. Those data are usually private, non-structured and even customers commonly do not know exactly their contract clauses and demands. In this paper, we conducted a survey to investigate how are the actual demands of customers, in order to provide useful information for the specification of new models and to support decision making in cloud businesses. Based on the results obtained, we have identified the strong dependency of cloud services in the network level, and systematized an approach for cloud network governance to advance the state-of-the-practice in cloud governance.},
author = {Oliveira, Ana Cristina and Dora, Pryscilla and Spohn, Marco and Oliveira, Karolyne},
doi = {10.1109/SCCC.2015.7416579},
file = {:C$\backslash$:/Users/JUAN RIVAS/Desktop/JUAN RIVAS/INVESTIGACION/PAPERS DE LA NUBE/SCOPUS CADENAS/CADENA 4/oliveira2015.pdf:pdf},
isbn = {9781467398176},
issn = {15224902},
journal = {Proceedings - International Conference of the Chilean Computer Science Society, SCCC},
keywords = {cloud network governance,cloud utilization survey,customer-centric monitoring},
title = {{From the dark net to the cloudy data-Cloud network governance guidelines}},
volume = {2016-Febru},
year = {2016}
}
@article{Ramachandran2016,
author = {Ramachandran, Muthu and Chang, Victor},
doi = {10.1016/j.ijinfomgt.2016.03.005},
file = {:C$\backslash$:/Users/JUAN RIVAS/Desktop/JUAN RIVAS/INVESTIGACION/seguridad de datos en la nube/ramachandran2016tra.pdf:pdf},
issn = {0268-4012},
journal = {International Journal of Information Management},
keywords = {bpm,bpmn,business process management,business process modeling,cloud service provider,csp},
number = {4},
pages = {618--625},
publisher = {Elsevier Ltd},
title = {{International Journal of Information Management Towards performance evaluation of cloud service providers for cloud data security}},
url = {http://dx.doi.org/10.1016/j.ijinfomgt.2016.03.005},
volume = {36},
year = {2016}
}
@article{Tobergte2013,
abstract = {applicability for this approach.},
archivePrefix = {arXiv},
arxivId = {arXiv:1011.1669v3},
author = {Tobergte, David R. and Curtis, Shirley},
doi = {10.1017/CBO9781107415324.004},
eprint = {arXiv:1011.1669v3},
file = {:C$\backslash$:/Users/JUAN RIVAS/Desktop/JUAN RIVAS/INVESTIGACION/seguridad de datos en la nube/004678T686.pdf:pdf},
isbn = {9788578110796},
issn = {1098-6596},
journal = {Journal of Chemical Information and Modeling},
keywords = {icle},
number = {9},
pages = {1689--1699},
pmid = {25246403},
title = {{Guia basica para entender la estructura y funcionamiento de la computacion en a nube}},
volume = {53},
year = {2013}
}
@article{Jansen2011,
abstract = {Cloud computing can and does mean different things to different people. The common characteristics most interpretations share are on-demand scalability of highly available and reliable pooled computing resources, secure access to metered services from nearly anywhere, and displacement of data and services from inside to outside the organization. While aspects of these characteristics have been realized to a certain extent, cloud computing remains a work in progress. This publication provides an overview of the security and privacy challenges pertinent to public cloud computing and points out considerations organizations should take when outsourcing data, applications, and infrastructure to a public cloud environment.},
author = {Jansen, Wayne and Grance, Timothy},
doi = {10.3233/GOV-2011-0271},
file = {:C$\backslash$:/Users/JUAN RIVAS/Desktop/JUAN RIVAS/INVESTIGACION/PAPERS DE LA NUBE/GOOGLE ACADEMICO/800-144.pdf:pdf},
isbn = {18787673},
issn = {15227383},
journal = {NIST Special Publication 800},
pages = {1--70},
pmid = {62013176},
title = {{Guidelines on Security and Privacy in Public Cloud Computing}},
volume = {144},
year = {2011}
}
@article{GuaschPortas2014a,
author = {{Guasch Portas}, Vicente and {Soler Fuensanta}, Jos{\'{e}} Ram{\'{o}}n},
file = {:C$\backslash$:/Users/JUAN RIVAS/Desktop/JUAN RIVAS/INVESTIGACION/mas bibliografia/para completar/13300-20557-1-PB.pdf:pdf},
journal = {Revista de Derecho UNED},
keywords = {cl{\'{a}}usulas contractuales,computaci{\'{o}}n en nube,nal,protecci{\'{o}}n adecuada,reglas corporativas,transferencia internacio-},
number = {14},
pages = {247--270},
title = {{Cloud Computing , Cl{\'{a}}usulas Contractuales Y Reglas Corporativas}},
year = {2014}
}
@article{Guerra,
author = {Guerra, Daniel and C{\'{a}}rcamo, Luis},
file = {:C$\backslash$:/Users/JUAN RIVAS/Desktop/JUAN RIVAS/INVESTIGACION/seguridad de datos en la nube/Ejemplo de Revision{\_}Sistematica{\_}de{\_}modelos{\_}de{\_}repre.pdf:pdf},
title = {{Revisi{\'{o}}n Sistem{\'{a}}tica de modelos de representaci{\'{o}}n del conocimiento para el dominio del dise{\~{n}}o curricular basado en competencias Resumen}}
}
@article{Sursrvhg2016,
author = {Mohamed, Raja},
file = {:C$\backslash$:/Users/JUAN RIVAS/Desktop/JUAN RIVAS/INVESTIGACION/PAPERS DE LA NUBE/IEEE CADENAS/CADENA 2/jabir2016.pdf:pdf},
isbn = {9788996865063},
pages = {117--123},
title = {{Analysis of cloud computing Attacks and Countermeasures}},
year = {2016}
}
@article{Assessment2016,
author = {Assessment, A Comparative},
doi = {10.1007/978-4-431-55787-6},
file = {:C$\backslash$:/Users/JUAN RIVAS/Desktop/JUAN RIVAS/INVESTIGACION/PAPERS DE LA NUBE/SCOPUS CADENAS/CADENA 1/corrales2016.pdf:pdf},
isbn = {9784431557869},
pages = {199--225},
title = {{Flexibility in Modern Business Law}},
year = {2016}
}
@article{Miralles2010a,
abstract = {El cloud computing es una arquitectura de prestación y/o aprovisionamiento de servicios de tecnologías de la información y la comunicación, que está tomando mucho protagonismo, y que, según los analistas, en los próximos años se consolidará tanto por lo que respecta a los usuarios individuales de la red y servicios en línea, como en las empresas, que afectará a su manera de utilizar las TIC. Con relación a los usuarios de la red el cloud computing tiene muchos puntos de conexión con la Web 2.0 y para las empresas está estrechamente relacionado con los procesos de outsourcing de los servi- cios TIC. En este artículo se identifican y analizan las cuestiones más relevantes del binomio cloud computing y protección de datos de carácter personal.},
author = {Miralles, Ram{\'{o}}n},
file = {:C$\backslash$:/Users/JUAN RIVAS/AppData/Local/Mendeley Ltd./Mendeley Desktop/Downloaded/Miralles - 2010 - Cloud computing y protecci{\'{o}}n de datos(2).pdf:pdf},
isbn = {7881702400},
issn = {1699-8154},
journal = {IDP. Revista de Internet, Derecho y Pol{\'{i}}tica},
keywords = {Cloud Computing,Encargado Tratamiento,Informacion en la Nube,Libertades,Privacidad,Proteccion de Datos,Tranferencias Internacionales},
pages = {14--23},
pmid = {22988693},
title = {{Cloud computing y protecci{\'{o}}n de datos}},
url = {http://www.redalyc.org/resumen.oa?id=78817024007},
volume = {11},
year = {2010}
}
@article{RuedaF.2010,
author = {Magacitum, Ulices Martinez},
file = {:C$\backslash$:/Users/JUAN RIVAS/Desktop/JUAN RIVAS/INVESTIGACION/mas bibliografia/Magazcitum-a{\~{n}}o-1-n{\'{u}}mero-2.pdf:pdf},
journal = {Sistemas},
pages = {56},
title = {{¿Que es la computaci{\'{o}}n en la nube?}},
url = {http://www.acis.org.co/fileadmin/Revista{\_}112/tres.pdf},
year = {2010}
}



@misc{Inec2015,
abstract = {Suplemento - Registro Oficial N{\textordmasculine} 180 - Lunes 10 de febrero de 2014},
author = {Constituyente, Asamblea Nacional},
booktitle = {Noticias},
file = {:C$\backslash$:/Users/JUAN RIVAS/Desktop/JUAN RIVAS/INVESTIGACION/LEYES/document.pdf:pdf},
isbn = {9789942075925},
keywords = {a},
pages = {1},
title = {{Codigo Organico Integral Penal}},
url = {https://www.mendeley.com/import/},
year = {2015}
}
@misc{Constituyente,
author = {Constituyente, Asamblea},
file = {:C$\backslash$:/Users/JUAN RIVAS/Desktop/JUAN RIVAS/INVESTIGACION/LEYES/constitucion{\_}de{\_}bolsillo.pdf:pdf},
title = {{Constituci{\'{o}}n del Ecuador.}},
year = {2008}
}
@misc{CongresoNacionaldelEcuador1998,
author = {{Congreso Nacional del Ecuador}},
file = {:C$\backslash$:/Users/JUAN RIVAS/Desktop/JUAN RIVAS/INVESTIGACION/LEYES/LEY{\_}DE{\_}PROPIEDAD{\_}INTELECTUAL.pdf:pdf},
isbn = {9788490865613},
number = {320},
pages = {92},
title = {{Ley De Propiedad Intelectual}},
url = {http://www.correosdelecuador.gob.ec/wp-content/uploads/downloads/2015/05/LEY{\_}DE{\_}PROPIEDAD{\_}INTELECTUAL.pdf},
year = {1998}
}
@misc{CongresoNacional2014,
author = {{Congreso Nacional del Ecuador}},
abstract = {Que la generalidad de ciudadanos ecuatorianos son v{\'{i}}ctimas permanentes de todo tipo de abusos por parte de empresas p{\'{u}}blicas y privadas de las que son usuarios y consumidores, Que de conformidad con lo dispuesto por el numeral 7 del art{\'{i}}culo 23 de la Constituci{\'{o}}n Pol{\'{i}}tica de la Rep{\'{u}}blica, es deber del Estado garantizar el derecho a disponer de bienes y servicios p{\'{u}}blicos y privados, de {\'{o}}ptima calidad; a elegirlos con libertad, as{\'{i}} como a recibir informaci{\'{o}}n adecuada y veraz sobre su contenido y caracter{\'{i}}sticas; Que el articulo 92 de la Constituci{\'{o}}n Pol{\'{i}}tica de la Rep{\'{u}}blica dispone que la ley establecer{\'{a}} los mecanismos de control de calidad, los procedimientos de defensa del consumidor, la reparaci{\'{o}}n e indemnizaci{\'{o}}n por deficiencias, da{\~{n}}os y mala calidad de bienes y servicios y por la interrupci{\'{o}}n de los servicios p{\'{u}}blicos no ocasionados por cat{\'{a}}strofes, caso fortuito o fuerza mayor. y las sanciones por la violaci{\'{o}}n de estos derechos;},
author = {{Congreso Nacional}},
file = {:C$\backslash$:/Users/JUAN RIVAS/Desktop/JUAN RIVAS/INVESTIGACION/LEYES/A2-LEY-ORGANICA-DE-DEFENSA-DEL-CONSUMIDOR.pdf:pdf},
keywords = {consumidor,defensa,procedimientos,reparaci{\'{o}}n},
pages = {34},
title = {{Ley Org{\'{a}}nica De Defensa Del Consumidor}},
url = {http://www.cetid.abogados.ec/archivos/95.pdf},
volume = {3},
year = {2014}
}
@misc{CongresoNacional2002,
archivePrefix = {arXiv},
arxivId = {1011.1669},
author = {{Congreso Nacional}},
doi = {10.1088/1751-8113/44/8/085201},
eprint = {1011.1669},
file = {:C$\backslash$:/Users/JUAN RIVAS/Desktop/JUAN RIVAS/INVESTIGACION/LEYES/ley-comercio-electronico-firmas-electronicas-y-mensaje-de-datos.pdf:pdf},
isbn = {9788578110796},
issn = {1098-6596},
pages = {1--27},
pmid = {25246403},
title = {{Ley de Comercio Electr{\'{o}}nico, Firmas Electr{\'{o}}nicas y Mensajes de Datos}},
url = {http://www.arcotel.gob.ec/wp-content/uploads/downloads/2015/04/LEY-COMERCIO-ELECTRONICO-FIRMAS-ELECTRONICAS-Y-MENSAJE-DE-DATOS.pdf},
year = {2002}
}
@article{Tobergte2013a,
abstract = {applicability for this approach.},
archivePrefix = {arXiv},
arxivId = {arXiv:1011.1669v3},
author = {Tobergte, David R. and Curtis, Shirley},
doi = {10.1017/CBO9781107415324.004},
eprint = {arXiv:1011.1669v3},
file = {:C$\backslash$:/Users/JUAN RIVAS/Desktop/JUAN RIVAS/INVESTIGACION/mas bibliografia/IPOL-IMCO{\_}ET(2012)475104{\_}ES.pdf:pdf},
isbn = {9788578110796},
issn = {1098-6596},
journal = {Journal of Chemical Information and Modeling},
keywords = {icle},
number = {9},
pages = {1689--1699},
pmid = {25246403},
title = {{Computacion en la Nube}},
volume = {53},
year = {2013}
}
@article{Ahmad2015,
author = {Ahmad, Mohammad Oqail and Khan, Rafiqul Zaman},
doi = {10.15680/ijircce.2015.0305086},
file = {:C$\backslash$:/Users/JUAN RIVAS/Desktop/JUAN RIVAS/INVESTIGACION/mas bibliografia/86{\_}The.pdf:pdf},
keywords = {cloud computing,cluster computing,distributed computing,iaas,paas,saas,utility computing},
pages = {4066--4075},
title = {{The Cloud Computing : A Systematic Review}},
year = {2015}
}
@article{Eugene2013,
abstract = {Information Technology has always been considered a major pain point of enterprise organizations, from the perspectives of both cost and management. However, the information technology industry has experienced a dramatic shift in the past decade - factors such as hardware commoditization, open-source software, virtualization, workforce globalization, and agile IT processes have supported the development of new technology and business models. Cloud computing now offers organizations more choices regarding how to run infrastructures, save costs, and delegate liabilities to third-party providers. It has become an integral part of technology and business models, and has forced businesses to adapt to new technology strategies. Accordingly, the demand for cloud computing has forced the development of new market offerings, representing various cloud service and delivery models. These models significantly expand the range of available options, and task organizations with dilemmas over which cloud computing model to employ. This thesis poses analysis of available cloud computing models and potential future cloud computing trends. Comparative analysis includes cloud services delivery (SaaS, PaaS, IaaS) and deployment models (private, public, and hybrid). Cloud computing paradigms are discussed in the context of technical, business, and human factors, analyzing how business and technology strategy could be impacted by the following aspects of cloud computing: o Architecture o Security o Costs o Hardware/software trends (commodity vs. brands, open vs. closed-source) o Organizational/human Factors To provide a systematic approach to the research presented in this paper, cloud taxonomy is introduced to classify and compare the available cloud service offerings. In particular, this thesis focuses on the services of a few major cloud providers. Amazon Web Services (AWS) will be used as a base in many examples because this cloud provider represents approximately 70{\%} of the current public cloud services market. Amazon's AWS has become a cloud services trendsetter, and a reference point for other cloud service providers. The analysis of cloud computing models has shown that public cloud deployment model is likely to stay dominant and keep expanding further. Private and Hybrid deployment models are going to stay for years ahead but their market share is going to continuously drop. In the long-term private and Hybrid cloud models most probably will be used only for specific business cases. IaaS service delivery model is likely to keep losing market share to PaaS and SaaS models because companies realize more value and resource-savings from software and platform services rather than infrastructure. In the near future we can expect significant number of market consolidations with few large players retaining market control at the end.},
author = {Eugene, Gorelik},
doi = {10.1201/b11149},
file = {:C$\backslash$:/Users/JUAN RIVAS/Desktop/JUAN RIVAS/INVESTIGACION/mas bibliografia/2013-01.pdf:pdf},
isbn = {1449647391},
issn = {03029743},
journal = {Massachusetts Intitute of Technology},
number = {January},
pages = {1--81},
pmid = {21866720},
title = {{Cloud Computing Models}},
year = {2013}
}
@article{RRAAE,
author = {RRAAE},
title = {{RRAAE}},
url = {http://www.rraae.org.ec/}
}
@misc{Dial,
author = {Dialnet},
title = {{Dialnet}},
url = {https://dialnet.unirioja.es/}
}
@misc{Scopus,
author = {Scopus},
title = {{Scopus}},
url = {https://www.scopus.com/}
}
@article{EPI,
author = {EPI},
title = {{EPI}},
url = {http://elprofesionaldelainformacion.com/}
}
@article{Dialnet,
author = {IEEE},
title = {{IEEE}},
url = {http//ieeexplore.ieee.org/}
}
@article{Aguilar2013,
abstract = {Cloud Computing*1 is a buzzword that we are hearing more and more. Organizations see this technology as providing the solution to many economic and technology infrastructure problems. Cloud computing (SaaS, PaaS and IaaS) is growing rapidly, and the cloud delivery and implementation models (private, public, hybrid and community) offered by a multitude of providers have become a common part of business strategy and research centre terminology In this article we seek to analyze these models, which have become al-most standard in the industry. We assess their advantages and disadvan-tages, and the main problems associated with cloud computing, such as security, data protection and privacy. The USA has already published a federal cloud computing strategy, and the European Union is developing a similar strategy. Spain should be involved in developing this European strategy. In this paper we will ex-amine the main strategies and propose some ideas for how organizations, companies and the public administrations might adopt the cloud:},
author = {Aguilar, Luis Joyanes},
file = {:C$\backslash$:/Users/JUAN RIVAS/Desktop/JUAN RIVAS/INVESTIGACION/mas bibliografia/Dialnet-ComputacionEnLaNube-4098278{\_}2.pdf:pdf},
isbn = {REVISTA DE EDUCACI{\'{O}}N EN CIENCIAS E INGENIER{\'{I}}A},
issn = {2255-3479},
journal = {Clound Computer},
pages = {130},
title = {{CLOUD COMPUTING Notes for a spanish cloud computing strategy Towards a national cloud computing strategy for administration and companies}},
volume = {2},
year = {2013}
}
@article{RuedaF.2010,
author = {Magacitum, Ulices Martinez},
file = {:C$\backslash$:/Users/JUAN RIVAS/Desktop/JUAN RIVAS/INVESTIGACION/mas bibliografia/Magazcitum-a{\~{n}}o-1-n{\'{u}}mero-2.pdf:pdf},
journal = {Sistemas},
pages = {56},
title = {{¿Que es la computaci{\'{o}}n en la nube?}},
url = {http://www.acis.org.co/fileadmin/Revista{\_}112/tres.pdf},
year = {2010}
}
@article{Tobergte2013,
abstract = {applicability for this approach.},
archivePrefix = {arXiv},
arxivId = {arXiv:1011.1669v3},
author = {Tobergte, David R. and Curtis, Shirley},
doi = {10.1017/CBO9781107415324.004},
eprint = {arXiv:1011.1669v3},
file = {:C$\backslash$:/Users/JUAN RIVAS/Desktop/JUAN RIVAS/INVESTIGACION/seguridad de datos en la nube/004678T686.pdf:pdf},
isbn = {9788578110796},
issn = {1098-6596},
journal = {Journal of Chemical Information and Modeling},
keywords = {icle},
number = {9},
pages = {1689--1699},
pmid = {25246403},
title = {{Guia basica para entender la estructura y funcionamiento de la computacion en a nube}},
volume = {53},
year = {2013}
}
@article{Medina2010,
abstract = {Las revisiones sistem{\'{a}}ticas (RS) poseen relevancia en el mundo y en Latinoam{\'{e}}rica por su credibilidad en la b{\'{u}}squeda, recolecci{\'{o}}n, ordenamiento y an{\'{a}}lisis de las investigaciones sobre intervenciones de salud que se han realizado en un periodo de tiempo. Es as{\'{i}} que la pr{\'{a}}ctica basada en la evidencia ha usado las RS como la forma de obtener las mejores evidencias de la efectividad cl{\'{i}}nica. En este art{\'{i}}culo se revisa la metodolog{\'{i}}a, proceso y utilidad de la RS y las implicancias que tiene en las profesiones de la salud como enfermer{\'{i}}a y medicina.},
author = {Medina, Eugenia Urra and Pailaquil{\'{e}}n, Ren{\'{e}} Mauricio Barr{\'{i}}a},
file = {:C$\backslash$:/Users/JUAN RIVAS/Desktop/JUAN RIVAS/INVESTIGACION/seguridad de datos en la nube/es{\_}23.pdf:pdf},
journal = {Revista Latino-Am. Enfermagem},
keywords = {Investigaci{\'{o}}n,Metaan{\'{a}}lisis.,Revisi{\'{o}}n},
number = {4},
pages = {1 -- 8},
title = {{La revisi{\'{o}}n sistematica y su relaci{\'{o}}n con la pr{\'{a}}ctica basada en la evidencia en salud}},
url = {http://www.scielo.br/pdf/rlae/v18n4/es{\_}23.pdf},
volume = {18},
year = {2010}
}
@article{Solutions2012,
author = {Solutions, Management},
file = {:C$\backslash$:/Users/JUAN RIVAS/Desktop/JUAN RIVAS/INVESTIGACION/seguridad de datos en la nube/La-nube.pdf:pdf},
journal = {Articulo},
keywords = {La nube: oportunidades y retos para los integrante},
title = {{La nube: oportunidades y retos para los integrantes de la cadena de valor}},
year = {2012}
}
@article{Polit2012,
author = {Polit, Escuela Superior and Del, Cnica and Escuela, Litoral and En, D E Postgrado and Maestr, D E Empresas and Administraci, E N and Previa, D E Empresas Tesis and Obtenci, L A and Mag, D E L Grado D E and Administraci, Ster E N and Negocios, D E Empresas Plan D E and Orellana, Mirtha Espinoza and Cobo, Lenin Freire},
file = {:C$\backslash$:/Users/JUAN RIVAS/Desktop/JUAN RIVAS/INVESTIGACION/seguridad de datos en la nube/D-P11335.pdf:pdf},
journal = {Articulo},
title = {{Computaci{\'{o}}n en la nube (cloud computing)}},
year = {2012}
}
@article{Salcedo,
abstract = {El Cloud Computing, o “computación en la nube”, consiste en eliminar la dependencia de equipos computacionales, discos duros o pendrives, para trabajar y almacenar información directamente en Internet. Las dudas e incertidumbres del cloudcomputing nos vienen ya que al dejar en manos de terceros el funcionamiento correcto de nuestras aplicaciones o a la hora de guardar nuestros archivos en la nube, porque estos pueden ser vitales para nuestra empresa o para nuestro uso personal, se asoma como el mayor riesgo que tenemos que afrontar. Hasta que se creen nuevos estándares de seguridad para esto de la informática en la nube, deberemos decidir si nos merece la pena o no asumir el riesgo.},
author = {Salcedo, Aruquipa and Jimena, Mariela},
file = {:C$\backslash$:/Users/JUAN RIVAS/Desktop/JUAN RIVAS/INVESTIGACION/seguridad de datos en la nube/n7a06.pdf:pdf},
pages = {14--15},
title = {{Incertidumbresfrente al Cloud Computing}}
}
@book{ Coughlan2013,
author = {Coughlan, Michael. Cronin, Ptricia. Ryan, Frances},
pages = {168},
title = {{Doing a Literature Review in Nursing, Health and Social Care}},
year = {2013}
}
@book{ Aveyard2010,
author = {Aveyard, Helen},
pages = {203},
title = {{Doing a Literature Review in Health and Social Care a Practical Guide }},
year = {2014}
}
@book{Hart1988,
author = {Hart, Chris},
file = {:C$\backslash$:/Users/JUAN RIVAS/Desktop/JUAN RIVAS/INVESTIGACION/Revision Biliografica/hart1998doingaliteraturereview-121110064248-phpapp01.pdf:pdf},
pages = {243},
title = {{Doing a Literature Review}},
year = {1988}
}
@article{Choo2014,
abstract = {Ensuring a secure cloud system (and ecosystem) is a highly specialized and interdisciplinary field. It requires a deep understanding of the underlying technical, social, public policy, regulatory, and legal and law enforcement aspects, as well as intimate knowledge of temporal trends (historical, recent, and emerging). Although security, privacy, public policy, legal, and forensic challenges associated with cloud computing have attracted academic attention-particularly the issues relating to data sovereignty and confidentiality and to the inadequacy of our existing legislative and regulatory frameworks to protect data from prying eyes-research on the topic is still in its infancy.},
author = {Choo, Kim Kwang Raymond},
doi = {10.1109/MCC.2014.14},
file = {:C$\backslash$:/Users/JUAN RIVAS/Desktop/JUAN RIVAS/INVESTIGACION/PAPERS DE LA NUBE/IEEE CADENAS/CADENA 1/choo2014.pdf:pdf},
issn = {23256095},
journal = {IEEE Cloud Computing},
keywords = {cloud and the law,cloud security,cybercrime,data privacy,digital forensics,hackers},
number = {1},
pages = {94--96},
title = {{Legal Issues in the Cloud}},
volume = {1},
year = {2014}
}
@phdthesis{Melorose2015,
archivePrefix = {arXiv},
arxivId = {arXiv:1011.1669v3},
author = {Melorose, J. and Perroy, R. and Careas, S.},
booktitle = {Statewide Agricultural Land Use Baseline 2015},
doi = {10.1017/CBO9781107415324.004},
eprint = {arXiv:1011.1669v3},
file = {:C$\backslash$:/Users/JUAN RIVAS/Desktop/JUAN RIVAS/INVESTIGACION/seguridad de datos en la nube/D-98700.pdf:pdf},
isbn = {9788578110796},
issn = {1098-6596},
keywords = {icle},
pmid = {25246403},
title = {{CENTRO DE PROCESAMIENTOS DE DATOS EN LA NUBE}},
volume = {1},
year = {2015}
}
@article{Arminio2013,
abstract = {RESUMEN La computaci{\'{o}}n en la nube hoy en d{\'{i}}a es la tecnolog{\'{i}}a m{\'{a}}s atrayente debido a la eficiencia, costo y flexibilidad. Sin embargo a pesar del inter{\'{e}}s que se genera hay todav{\'{i}}a muchas inquietudes significativas para tomarlo como modelo para implementar en su totalidad. Una de las inquietudes es que la informaci{\'{o}}n est{\'{a}} dentro de la nube y debido a esto el propietario llega a perder el control de la misma, los usuarios deben tomar en cuenta las distintas implementaciones de seguridad que utilizan los distintos proveedores de nube, debido a que no existe una manera f{\'{a}}cil de mudarse de un proveedor a otro, adem{\'{a}}s que cada uno de los distintos proveedores provee una implementaci{\'{o}}n distinta de la seguridad es recomendable ver cu{\'{a}}l de todas estas, satisfacera todos los requerimientos de su empresa. En este art{\'{i}}culo se dar{\'{a}} una visi{\'{o}}n general a lo que es la seguridad de la informaci{\'{o}}n y una explicaci{\'{o}}n breve a las distintas ventajas, desventajas y vulnerabilidades que existen en la computaci{\'{o}}n en la nube. Palabras Clave Computaci{\'{o}}n en la nube, proveedor de nube, seguridad, ventajas, desventajas, vulnerabilidades. 1. INTRODUCCION En este art{\'{i}}culo se hablara de la seguridad en t{\'{e}}rminos de seguridad de la informaci{\'{o}}n, esta seguridad es las precauciones que se tienen en las empresas que proveen computaci{\'{o}}n en la nube, de manera que la informaci{\'{o}}n cumpla con tres principios: la confidencialidad, la disponibilidad y la integridad. La computaci{\'{o}}n en la nube empez{\'{o}} a construirse a principios de los 90. La idea principal de la computaci{\'{o}}n en la nube es el separar al sistema de la infraestructura y los mecanismos de los que est{\'{a}} compuesto, separ{\'{a}}ndolo de las aplicaciones y servicios que ofrece.[1] Ahora la pregunta que nos planteamos es: ¿Que es la computaci{\'{o}}n en la nube? Bueno en una corta explicaci{\'{o}}n a grandes rasgos, la computaci{\'{o}}n en la nube es software y hardware que esta hospedado en un ambiente centralizado que puede ser alquilado, de esta manera el usuario se convierte en un cliente ligero y acceder a los recursos independientemente del dispositivo que use. Espec{\'{i}}ficamente, la computaci{\'{o}}n en la nube es un modelo de computaci{\'{o}}n que tiene recursos virtualizados que se proveen como servicios o recursos sobre el internet. El concepto incorpora infraestructura como servicios, plataforma como servicio y software como servicio, as{\'{i}} como las recientes tecnolog{\'{i}}as que tienen tema principal la confiabilidad sobre internet para satisfacer las necesidades de los usuarios. La computaci{\'{o}}n en la nube provee com{\'{u}}nmente aplicaciones de negocios en l{\'{i}}nea, que son accesibles desde un navegador web (ver Figura 1).},
author = {Arminio, Erick and Velasquez, Alvarez and Mayor, Universidad and Andres, De San},
file = {:C$\backslash$:/Users/JUAN RIVAS/Desktop/JUAN RIVAS/INVESTIGACION/seguridad de datos en la nube/n7a04.pdf:pdf},
keywords = {computaci{\'{o}}n en la nube,desventajas,proveedor de nube,seguridad,ventajas,vulnerabilidades},
pages = {7--9},
title = {{Seguridad En La Nube}},
year = {2013}
}
@article{Leenes2011,
abstract = {Aquest article tracta d'alguns dels temes de protecci{\'{o}} de dades que es q{\"{u}}estionen en inform{\`{a}}tica en n{\'{u}}vol. Concretament, aborda la q{\"{u}}esti{\'{o}} de la responsabilitat en el tractament de dades personals en situacions d'inform{\`{a}}tica en n{\'{u}}vol des de la perspectiva de la Uni{\'{o}} Europea: com s'han d'avaluar models d'inform{\`{a}}tica en n{\'{u}}vol diferents pel que fa a la Directiva 95/46/CE?, continuen essent {\'{u}}tils els conceptes de responsable del tractament de dades, encarregat del tractament de dades i interessat o titular de les dades tal com es defineixen en aquesta Directiva? La conclusi{\'{o}} d'aquesta an{\`{a}}lisi {\'{e}}s que les situacions d'inform{\`{a}}tica en n{\'{u}}vol s'han d'avaluar de forma individual i que la protecci{\'{o}} que s'ofereix als titulars de les dades o interessats en la Directiva sol ser insatisfact{\`{o}}ria.},
author = {Leenes, Ronald},
file = {:C$\backslash$:/Users/JUAN RIVAS/AppData/Local/Mendeley Ltd./Mendeley Desktop/Downloaded/Leenes - 2011 - ¿ Qui{\'{e}}n controla la nube.pdf:pdf},
isbn = {7881702400},
issn = {1699-8154},
journal = {IDP. Revista de Internet, Derecho y Pol{\'{i}}tica},
keywords = {computaci{\'{o}}n en nube,privacidad,protecci{\'{o}}n de datos},
pages = {2--13},
title = {{¿ Qui{\'{e}}n controla la nube?}},
url = {http://scholar.google.com/scholar?hl=en{\&}btnG=Search{\&}q=intitle:?+Qui?n+controla+la+nube+?{\#}0},
volume = {11},
year = {2011}
}
@article{Brereton2007,
abstract = {A consequence of the growing number of empirical studies in software engineering is the need to adopt systematic approaches to assessing and aggregating research outcomes in order to provide a balanced and objective summary of research evidence for a particular topic. The paper reports experiences with applying one such approach, the practice of systematic literature review, to the published studies relevant to topics within the software engineering domain. The systematic literature review process is summarised, a number of reviews being undertaken by the authors and others are described and some lessons about the applicability of this practice to software engineering are extracted. The basic systematic literature review process seems appropriate to software engineering and the preparation and validation of a review protocol in advance of a review activity is especially valuable. The paper highlights areas where some adaptation of the process to accommodate the domain-specific characteristics of software engineering is needed as well as areas where improvements to current software engineering infrastructure and practices would enhance its applicability. In particular, infrastructure support provided by software engineering indexing databases is inadequate. Also, the quality of abstracts is poor; it is usually not possible to judge the relevance of a study from a review of the abstract alone. ?? 2006 Elsevier Inc. All rights reserved.},
author = {Brereton, Pearl and Kitchenham, Barbara A. and Budgen, David and Turner, Mark and Khalil, Mohamed},
doi = {10.1016/j.jss.2006.07.009},
file = {:C$\backslash$:/Users/JUAN RIVAS/Desktop/JUAN RIVAS/INVESTIGACION/Revision Sistematica/MENDELEY/revicion sistematica.pdf:pdf},
isbn = {0164-1212},
issn = {01641212},
journal = {Journal of Systems and Software},
keywords = {Empirical software engineering,Systematic literature review},
number = {4},
pages = {571--583},
publisher = {Elsevier Inc.},
title = {{Lessons from applying the systematic literature review process within the software engineering domain}},
url = {http://dx.doi.org/10.1016/j.jss.2006.07.009},
volume = {80},
year = {2007}
}
@article{Alberto2014,
abstract = {The Cloud Computing system is the new technology that has allowed a market deployment, able to provide any computing services on demand. Due that the technology innovation has reached a great popularity, which has led many business leaders and technology departments wishing to acquire solutions on the cloud computing, although they are not yet clear, how they should hire them. The methodology and recommendations given in this paper, are mainly based on the ITIL v3, TMF (eTOM)'s best practices, and the Service Level Agreements (SLAs)' definition, based on the Continuity, Availability, Service Quality and Security's criteria, among others. The results obtained, by using the TCO (Total Cost of Ownership) as a financial tool for making decisions in the technology projects, resulted in a clear economic benefit by opting for the cloud computing service.},
author = {Alberto, Beimar and Armando, Le{\'{o}}n-velandia Mario},
file = {:C$\backslash$:/Users/JUAN RIVAS/Desktop/JUAN RIVAS/INVESTIGACION/seguridad de datos en la nube/v23n37a10.pdf:pdf},
journal = {Scielo},
keywords = {Availability,Cloud Computing,Continuity,ITIL v3,Quality and Security's Service,Service Level's Agreement,eTOM.},
number = {37},
pages = {16},
title = {{Recomendaciones para contratar servicios en la ‘ nube ' How to Hire the Cloud Computing Services ' Advices Recomenda{\c{c}}{\~{o}}es para contratar servi{\c{c}}os em ‘ nuvem '}},
url = {http://www.scielo.org.co/scielo.php?script=sci{\_}arttext{\&}pid=S0121-11292014000200010},
volume = {23},
year = {2014}
}
@article{Aguilar2012,
abstract = {2008 ha sido el a{\~{n}}o del asentamiento de Tecnolog{\'{i}}as de la Informaci{\'{o}}n (TI) innovadorasde impacto en la econom{\'{i}}a, los negocios y la sociedad en general: Web 2.0,que comenz{\'{o}} a propagarse por Tim O´Reilly en 2004 y ya es una realidad palpable,Web Sem{\'{a}}ntica, propulsada por Tim Berners-Lee -el padre de la Web- y reflejada enlos buscadores sem{\'{a}}nticos cada vez m{\'{a}}s pr{\'{o}}ximos; Web 3.0 como convergencia de laWeb 2.0 y la Web Sem{\'{a}}ntica. La nueva Web han tra{\'{i}}do nuevos modelos tecnol{\'{o}}gicos:Software como Servicio, Virtualizaci{\'{o}}n y Almacenamiento Web. Estos modelos han tra{\'{i}}do un nuevo paradigma tecnol{\'{o}}gico, econ{\'{o}}mico y social: La Computaci{\'{o}}n o Inform{\'{a}}tica en Nube ( Cloud Computing ). El art{\'{i}}culo analiza las ventajas y riesgos para los usuarios, organizaciones y empresas de la adopci{\'{o}}n de esta nueva plataforma o arquitectura web, as{\'{i}} como deja abierto el camino para un an{\'{a}}lisis m{\'{a}}s en profundidadde la naciente Empresa 2.0. Tambi{\'{e}}n se alerta sobre el gran riesgo social que traenestas tecnolog{\'{i}}as “El posible fin de la privacidad”.},
author = {Aguilar, Luis Joyanes},
file = {:C$\backslash$:/Users/JUAN RIVAS/Desktop/JUAN RIVAS/INVESTIGACION/seguridad de datos en la nube/289-941-1-PB.pdf:pdf},
issn = {2341-0841},
journal = {Revista Icade. Revista de las Facultades de Derecho y Ciencias Econ{\'{o}}micas y Empresariales},
keywords = {Cloud Computing,Data Centers,Enterprise 2.0,Softare as an Service,Storaging,Virtualization},
number = {76},
pages = {95--111},
title = {{La Computaci{\'{o}}n en Nube (Cloud Computing): El nuevo paradigma tecnol{\'{o}}gico para empresas y organizaciones en la Sociedad del Conocimiento}},
url = {https://revistas.upcomillas.es/index.php/revistaicade/article/view/289},
year = {2012}
}
@article{MathewsHunt2015,
author = {{Mathews Hunt}, Kate},
doi = {10.1016/j.clsr.2015.05.006},
file = {:C$\backslash$:/Users/JUAN RIVAS/Desktop/JUAN RIVAS/INVESTIGACION/PAPERS DE LA NUBE/SCOPUS CADENAS/CADENA 2/hunt2015.pdf:pdf},
issn = {02673649},
journal = {Computer Law {\&} Security Review},
number = {4},
pages = {450--477},
publisher = {Elsevier Ltd},
title = {{CloudConsumer: contracts, codes {\&} the law}},
url = {http://linkinghub.elsevier.com/retrieve/pii/S0267364915000862},
volume = {31},
year = {2015}
}
@article{Meja2011,
abstract = {La computaci{\'{o}}n en la nube, concepto conocido tambi{\'{e}}n bajo los t{\'{e}}rminos servicios en la nube, inform{\'{a}}tica en la nube, nube de c{\'{o}}mputo o nube de conceptos, del ingl{\'{e}}s cloud computing, es un paradigma que permite ofrecer servicios de computaci{\'{o}}n a trav{\'{e}}s de Internet.},
author = {Mejıa, Oscar Avila},
file = {:C$\backslash$:/Users/JUAN RIVAS/Desktop/JUAN RIVAS/INVESTIGACION/seguridad de datos en la nube/PFM{\_}cloud{\_}beka.pdf:pdf},
isbn = {REVISTA DE EDUCACI{\'{O}}N EN CIENCIAS E INGENIER{\'{I}}A},
issn = {2255-3479},
journal = {ContactoS},
pages = {45--52},
title = {{Computaci{\'{o}}n en la nube}},
volume = {80},
year = {2011}
}
@article{Rafael2013,
abstract = {Dise{\~{n}}o conceptual de un Sistema Experto Inform{\'{a}}tico, como herramienta de apoyo en el proceso de elaboraci{\'{o}}n de nuevas leyes, procedimientos, normas y reglamentos en el Ecuador.},
author = {Rafael, Jorge and Mac{\'{i}}as, Reyes},
file = {:C$\backslash$:/Users/JUAN RIVAS/Desktop/JUAN RIVAS/INVESTIGACION/seguridad de datos en la nube/T1368-MDE-Jacome-La proteccion.pdf:pdf},
title = {{Universidad Andina Sim{\'{o}}n Bol{\'{i}}var}},
year = {2013}
}
@article{GuiraoGoris2015,
abstract = {La r{\'{a}}pida progresi{\'{o}}n del conocimiento cient{\'{i}}fico mediado por la aparici{\'{o}}n creciente de publicaciones en un medio como la internet requiere la realizaci{\'{o}}n de revisiones de la literatura cient{\'{i}}fica que nos permitan tener un conocimiento actualizado sobre un tema de inter{\'{e}}s. El progreso que se ha producido tras la aparici{\'{o}}n del movimiento de la pr{\'{a}}ctica basada en la evidencia ha supuesto la aparici{\'{o}}n de nuevos tipos de revisiones de la literatura. El objetivo de este art{\'{i}}culo es proporcionar un conocimiento global de lo que es una revisi{\'{o}}n de la literatura. Se explora su prop{\'{o}}sito y relevancia y las diferencias entre la revisi{\'{o}}n de la literatura y otras formas de escritura acad{\'{e}}mica as{\'{i}} como una categorizaci{\'{o}}n de los tipos de revisiones.},
author = {{Guirao Goris}, Silamani JA},
doi = {10.4321/S1988-348X2015000200002},
file = {:C$\backslash$:/Users/JUAN RIVAS/Desktop/JUAN RIVAS/INVESTIGACION/Revision Biliografica/Guirao Goris.pdf:pdf},
issn = {1988-348X},
journal = {ENE, Revista de Enfermeria},
keywords = {antropolog{\'{i}}a de los cuidados,enfermer{\'{i}}a transcultural,inmigraci{\'{o}}n en},
number = {2},
pages = {1--7},
title = {{Utilidad y tipos de revisi{\'{o}}n de literatura}},
volume = {9},
year = {2015}
}
@article{Whittemore2014,
abstract = {Objectives: To highlight recent advances in knowledge synthesis methods and reporting guidelines. Background: Knowledge synthesis is critical to advancing practice, research, and policy, but synthesizing knowledge from an often-heterogenous body of literature is challenging. Methods: A review of knowledge synthesis methods and reporting guidelines for health sciences research was completed using Google Scholar, Medline, CINAHL, and PsycInfo. Relevant information was critiqued and summarized for applicability to health science and practice. Results: Recent advances and guidelines pertaining to systematic reviews, meta-analysis, qualitative synthesis, mixed studies reviews, integrative reviews, scoping reviews, RE-AIM reviews, and umbrella reviews are discussed and examples of the application of each method to cardiopulmonary research are provided. Methods of quality appraisal are also presented. Conclusions: Advancements in knowledge synthesis and reporting guidelines enhance the quality, scope, and applicability of results; thus improving health science and clinical practice, and advancing health policy. ?? 2014 Elsevier Inc.},
author = {Whittemore, Robin and Chao, Ariana and Jang, Myoungock and Minges, Karl E. and Park, Chorong},
doi = {10.1016/j.hrtlng.2014.05.014},
file = {:C$\backslash$:/Users/JUAN RIVAS/Desktop/JUAN RIVAS/INVESTIGACION/Revision Biliografica/10.1016@j.hrtlng.2014.05.014.pdf:pdf},
isbn = {0147-9563},
issn = {15273288},
journal = {Heart and Lung: Journal of Acute and Critical Care},
number = {5},
pages = {453--461},
pmid = {25012634},
publisher = {Elsevier Inc},
title = {{Methods for knowledge synthesis: An overview}},
url = {http://dx.doi.org/10.1016/j.hrtlng.2014.05.014},
volume = {43},
year = {2014}
}
@article{Zalazar2013,
author = {Zalazar, Ana Sof{\'{i}}a and Gonnet, Silvio and Leone, Horacio},
file = {:C$\backslash$:/Users/JUAN RIVAS/Desktop/JUAN RIVAS/INVESTIGACION/seguridad de datos en la nube/22.pdf:pdf},
keywords = {acuerdo de nivel de,cloud computing,servicio},
pages = {303--317},
title = {{Un Modelo para Contratos de Cloud Computing}},
year = {2013}
}
@article{Kitchenham2007,
abstract = {The objective of this report is to propose comprehensive guidelines for systematic literature reviews appropriate for software engineering researchers, including PhD students. A systematic literature review is a means of evaluating and interpreting all available research relevant to a particular research question, topic area, or phenomenon of interest. Systematic reviews aim to present a fair evaluation of a research topic by using a trustworthy, rigorous, and auditable methodology. The guidelines presented in this report were derived from three existing guidelines used by medical researchers, two books produced by researchers with social science backgrounds and discussions with researchers from other disciplines who are involved in evidence-based practice. The guidelines have been adapted to reflect the specific problems of software engineering research. The guidelines cover three phases of a systematic literature review: planning the review, conducting the review and reporting the review. They provide a relatively high level description. They do not consider the impact of the research questions on the review procedures, nor do they specify in detail the mechanisms needed to perform meta-analysis.},
author = {Kitchenham, Barbara and Charters, Stuart},
doi = {10.1145/1134285.1134500},
file = {:C$\backslash$:/Users/JUAN RIVAS/Desktop/JUAN RIVAS/INVESTIGACION/Revision Sistematica/kitchenham{\_}2007.pdf:pdf},
isbn = {1595933751},
issn = {00010782},
journal = {Engineering},
number = {4ve},
pages = {1051},
title = {{Guidelines for performing Systematic Literature reviews in Software Engineering Version 2.3}},
url = {http://scholar.google.com/scholar?hl=en{\&}btnG=Search{\&}q=intitle:Guidelines+for+performing+Systematic+Literature+Reviews+in+Software+Engineering{\#}0$\backslash$nhttp://www.dur.ac.uk/ebse/resources/Systematic-reviews-5-8.pdf},
volume = {45},
year = {2007}
}
@misc{AxelSpringer2013,
abstract = {la gu{\'{i}}a definitiva para dominar la nube},
author = {{Axel Springer}},
file = {:C$\backslash$:/Users/JUAN RIVAS/Desktop/JUAN RIVAS/INVESTIGACION/seguridad de datos en la nube/El{\_}Gran{\_}Libro{\_}de{\_}Cloud{\_}Computing.pdf:pdf},
pages = {1 -- 28},
title = {{El Gran Ligro de Cloud Computing}},
url = {www.imagine.publishing.co.uk},
year = {2013}
}
@article{Miralles2010a,
abstract = {El cloud computing es una arquitectura de prestación y/o aprovisionamiento de servicios de tecnologías de la información y la comunicación, que está tomando mucho protagonismo, y que, según los analistas, en los próximos años se consolidará tanto por lo que respecta a los usuarios individuales de la red y servicios en línea, como en las empresas, que afectará a su manera de utilizar las TIC. Con relación a los usuarios de la red el cloud computing tiene muchos puntos de conexión con la Web 2.0 y para las empresas está estrechamente relacionado con los procesos de outsourcing de los servi- cios TIC. En este artículo se identifican y analizan las cuestiones más relevantes del binomio cloud computing y protección de datos de carácter personal.},
author = {Miralles, Ram{\'{o}}n},
file = {:C$\backslash$:/Users/JUAN RIVAS/AppData/Local/Mendeley Ltd./Mendeley Desktop/Downloaded/Miralles - 2010 - Cloud computing y protecci{\'{o}}n de datos(2).pdf:pdf},
isbn = {7881702400},
issn = {1699-8154},
journal = {IDP. Revista de Internet, Derecho y Pol{\'{i}}tica},
keywords = {Cloud Computing,Encargado Tratamiento,Informacion en la Nube,Libertades,Privacidad,Proteccion de Datos,Tranferencias Internacionales},
pages = {14--23},
pmid = {22988693},
title = {{Cloud computing y protecci{\'{o}}n de datos}},
url = {http://www.redalyc.org/resumen.oa?id=78817024007},
volume = {11},
year = {2010}
}
@article{Guerra,
author = {Guerra, Daniel and C{\'{a}}rcamo, Luis},
file = {:C$\backslash$:/Users/JUAN RIVAS/Desktop/JUAN RIVAS/INVESTIGACION/seguridad de datos en la nube/Ejemplo de Revision{\_}Sistematica{\_}de{\_}modelos{\_}de{\_}repre.pdf:pdf},
title = {{Revisi{\'{o}}n Sistem{\'{a}}tica de modelos de representaci{\'{o}}n del conocimiento para el dominio del dise{\~{n}}o curricular basado en competencias Resumen}}
}
@article{Nebulosa2015,
author = {Nebulosa, U N A Regulaci{\'{o}}n and Hueso, Lorenzo Cotino},
doi = {10.2436/20.8030.01.55.Lorenzo},
file = {:C$\backslash$:/Users/JUAN RIVAS/AppData/Local/Mendeley Ltd./Mendeley Desktop/Downloaded/Nebulosa, Hueso - 2015 - Algunas cuestiones clave de protecci{\'{o}}n de datos en la nube. Hacia una “regulaci{\'{o}}n nebulosa”.pdf:pdf},
keywords = {computaci{\'{o}}n en la nube,derecho,nube,privacidad,protecci{\'{o}}n de datos,seguridad de la informaci{\'{o}}n},
number = {diciembre},
pages = {85--103},
title = {{Algunas cuestiones clave de protecci{\'{o}}n de datos en la nube. Hacia una “regulaci{\'{o}}n nebulosa”}},
volume = {51},
year = {2015}
}
@phdthesis{Empresas2014,
author = {Empresas, Carrera Administraci{\'{o}}n D E and Dora, I N G and Herrera, Priscilla},
file = {:C$\backslash$:/Users/JUAN RIVAS/AppData/Local/Mendeley Ltd./Mendeley Desktop/Downloaded/Empresas, Dora, Herrera - 2014 - Propuesta para la oferta del servicio de Cloud Computing por parte de la empresa Computadores y Equipos.pdf:pdf},
title = {{Propuesta para la oferta del servicio de Cloud Computing por parte de la empresa Computadores y Equipos Compuequip DOS S. A. en la ciudad de Cuenca}},
year = {2014}
}
@article{Singh,
abstract = {Cloud services are largely opaque. Information flow control aids transparency and compliance by enabling auditable, fine-grained control over data moving within and between cloud services. s cloud computing becomes an increasingly dominant means of pro-viding computing resources, the legal and regulatory issues associated with data in the cloud become more pronounced. These issues derive primarily from four areas: contract, data protection, law enforcement, and regulatory and common law protections for particularly sensitive domains such as health, finance, fiduciary relations, and intellectual property assets. From a technical perspective, these legal requirements all impose infor-mation management obligations on data sharing and transmission within cloud-hosted},
archivePrefix = {arXiv},
arxivId = {arXiv:1011.1669v3},
author = {Singh, Jatinder and Powles, Julia and Pasquier, Thomas and Bacon, Jean},
doi = {10.1007/s13398-014-0173-7.2},
eprint = {arXiv:1011.1669v3},
file = {:C$\backslash$:/Users/JUAN RIVAS/Desktop/JUAN RIVAS/INVESTIGACION/PAPERS DE LA NUBE/IEEE CADENAS/CADENA 1/singh2015.pdf:pdf},
isbn = {9780874216561},
issn = {0717-6163},
pmid = {15003161},
title = {{Data Flow Management and Compliance in Cloud Computing}}
}
@book{Reis2013,
author = {Reis, D.},
file = {:C$\backslash$:/Users/JUAN RIVAS/Desktop/JUAN RIVAS/INVESTIGACION/seguridad de datos en la nube/cloud-virtualisation-security-for-dummies-ebook-es.pdf:pdf},
isbn = {9781118850954},
title = {{Seguridad para la nube y la virtualizaci{\'{o}}n}},
url = {http://www.trendmicro.es/media/br/cloud-virtualisation-security-for-dummies-ebook-es.pdf},
year = {2013}
}
@article{Garcia2012,
abstract = {En este art{\'{i}}culo se analiza c{\'{o}}mo se debe estructurar y dise{\~{n}}ar la contrataci{\'{o}}n empresarial de los servicios de Cloud Computing, a la luz de la normativa espa{\~{n}}ola y europea, atendiendo a los aspectos m{\'{a}}s relevantes de estos servicios y facilitando las claves para cubrir los riesgos jur{\'{i}}dicos que pueden surgir durante la fase de contrataci{\'{o}}n de estos servicios y en la fase de prestaci{\'{o}}n de los mismos.},
author = {Garc{\'{i}}a, Rafael},
file = {:C$\backslash$:/Users/JUAN RIVAS/AppData/Local/Mendeley Ltd./Mendeley Desktop/Downloaded/Garc{\'{i}}a - 2012 - Cloud Computing Aspectos Jur{\'{i}}dicos Clave Para La Contrataci{\'{o}}n De Estos Servicios.pdf:pdf},
journal = {Revista Espa{\~{n}}ola de Relaciones Internacionalesnternacionales},
keywords = {- 1,2,3,4,5,6,7,beneficios y riesgos,cloud computing,cloud computing b2b,concienciaci{\'{o}}n,de servicios,definici{\'{o}}n del cloud computing,el contrato de prestaci{\'{o}}n,elementos caracterizadores,modelos de,nubes,sumario,tipos de servicios},
pages = {48--91},
title = {{Cloud Computing : Aspectos Jur{\'{i}}dicos Clave Para La Contrataci{\'{o}}n De Estos Servicios}},
volume = {4},
year = {2012}
}
@article{AgenciaEspanolaDeProtecciondeDatos2013,
author = {{Agencia Espa{\~{n}}ola De Proteccion de Datos}},
file = {:C$\backslash$:/Users/JUAN RIVAS/Desktop/JUAN RIVAS/INVESTIGACION/seguridad de datos en la nube/GUIA{\_}Cloud.pdf:pdf},
journal = {Agencia Espa{\~{n}}ola de Proteccion de Datos},
number = {24},
pages = {1 -- 23},
title = {{Guia para Clientes que contraten Servicios de cloud Computing}},
url = {http://www.agpd.es/portalwebAGPD/canaldocumentacion/publicaciones/common/Guias/GUIA{\_}Cloud.pdf},
year = {2013}
}
@article{SusanaNavasNavarro2015,
abstract = {La cantidad y la velocidad a la que se producen los datos en el entorno digital plantean cuestiones relacionadas con su adecuado almacenamiento. Los datos masivos o Big Data son datos digitales que, en la actualidad, pueden ser guardados en la “nube”. Los responsables de los datos contratan servicios de computaci{\'{o}}n para su almacenamiento y, en la mayor{\'{i}}a de casos, para su posterior tratamiento. El proveedor de estos servicios es el “encargado” del tratamiento, el cual, a su vez, puede subcontratar a terceros para que realicen determinadas operaciones en relaci{\'{o}}n con aqu{\'{e}}l. Dentro de los Big Data destacan, por su especial protecci{\'{o}}n, los datos personales. En este trabajo, analizamos los servicios de cloud computing, principalmente, desde la perspectiva del titular de esos datos, la persona f{\'{i}}sica. Antes, de todos modos, exponemos los aspectos m{\'{a}}s t{\'{e}}cnicos del tema que nos ocupa.},
author = {{Susana Navas Navarro}},
file = {:C$\backslash$:/Users/JUAN RIVAS/AppData/Local/Mendeley Ltd./Mendeley Desktop/Downloaded/Susana Navas Navarro - 2015 - Computaci{\'{o}}n en la nube Big Data y protecci{\'{o}}n de datos personales.pdf:pdf},
journal = {InDret},
title = {{Computaci{\'{o}}n en la nube: Big Data y protecci{\'{o}}n de datos personales}},
url = {http://www.indret.com/pdf/1193{\_}es.pdf},
year = {2015}
}
@article{DeBruin2016,
abstract = {Cloud computing is rapidly gaining traction in business. It offers businesses online services on demand (such as Gmail, iCloud and Salesforce) and allows them to cut costs on hardware and IT support. This is the first paper in business ethics dealing with this new technology. It analyzes the informational duties of hosting companies that own and operate cloud computing datacentres (e.g., Amazon). It considers the cloud services providers leasing 'space in the cloud' from hosting companies (e.g., Dropbox, Salesforce). And it examines the business and private 'clouders' using these services. The first part of the paper argues that hosting companies, services providers and clouders have mutual informational (epistemic) obligations to provide and seek information about relevant issues such as consumer privacy, reliability of services, data mining and data ownership. The concept of interlucency is developed as an epistemic virtue governing ethically effective communication. The second part considers potential forms of government restrictions on or proscriptions against the development and use of cloud computing technology. Referring to the concept of technology neutrality, it argues that interference with hosting companies and cloud services providers is hardly ever necessary or justified. It is argued, too, however, that businesses using cloud services (e.g., banks, law firms, hospitals etc. storing client data in the cloud) will have to follow rather more stringent regulations.},
author = {de Bruin, Boudewijn and Floridi, Luciano},
doi = {10.1007/s11948-016-9759-0},
file = {:C$\backslash$:/Users/JUAN RIVAS/Desktop/JUAN RIVAS/INVESTIGACION/PAPERS DE LA NUBE/SCOPUS CADENAS/CADENA 1/bruin2016.pdf:pdf},
issn = {14715546},
journal = {Science and Engineering Ethics},
keywords = {Cloud computing,Epistemic virtue,Information ethics,Privacy},
pages = {1--19},
pmid = {26886482},
publisher = {Springer Netherlands},
title = {{The Ethics of Cloud Computing}},
url = {"http://dx.doi.org/10.1007/s11948-016-9759-0},
year = {2016}
}
@article{Pino2006,
abstract = {Las micro, peque{\~{n}}as y medianas empresas -Pymes- son una pieza muy importante en el engranaje de la econom{\'{i}}a mundial. La industria del software en la mayor{\'{i}}a de los pa{\'{i}}ses est{\'{a}} formada por tejido industrial compuesto en gran parte por Pymes desarrolladoras de software. Para fortalecer este tipo de organizaciones se necesitan pr{\'{a}}cticas eficientes de Ingenier{\'{i}}a del Software adaptadas a su tama{\~{n}}o y tipo de negocio. La comunidad vinculada a esta disciplina ha expresado en la {\'{u}}ltima d{\'{e}}cada especial inter{\'{e}}s en la mejora de procesos software con el fin de aumentar la calidad y productividad del software. Sin embargo, hay una tendencia generalizada a resaltar que el {\'{e}}xito de los programas de mejora de procesos software s{\'{o}}lo es posible para empresas grandes. En este art{\'{i}}culo se presenta una revisi{\'{o}}n sistem{\'{a}}tica de la literatura sobre los esfuerzos llevados a cabo en Pymes desarrolladoras de software relacionados con la mejora de sus procesos. El objetivo es conocer lo que se ha realizado y logrado en este tipo de empresas respecto a la mejora de procesos software.},
author = {Pino, Francisco and Garc{\'{i}}a, F{\'{e}}lix and Piattini, Mario},
file = {:C$\backslash$:/Users/JUAN RIVAS/Desktop/JUAN RIVAS/INVESTIGACION/Revision Sistematica/MENDELEY/Revision{\_}sistematica{\_}de{\_}mejora{\_}de{\_}proces.pdf:pdf},
isbn = {1885-4486},
issn = {18854486},
journal = {Revista Espa nola de Innovaci{\'{o}}n Calidad e Ingenier{\'{i}}a del Software REICIS},
keywords = {Mejora de procesos de software,Pymes,Revisi{\'{o}}n sistem{\'{a}}tica,SPI},
number = {1},
pages = {6--23},
title = {{Revisi{\'{o}}n sistem{\'{a}}tica de mejora de procesos software en micro , peque{\~{n}}as y medianas empresas}},
url = {http://redalyc.uaemex.mx/pdf/922/92220103.pdf},
volume = {2},
year = {2006}
}
@article{Wharton,
author = {Wharton, Charles and Kang-i, Lin},
file = {:C$\backslash$:/Users/JUAN RIVAS/Desktop/JUAN RIVAS/INVESTIGACION/PAPERS DE LA NUBE/SCOPUS CADENAS/CADENA 4/wharton2015.pdf:pdf},
keywords = {cloud},
pages = {19--24},
title = {{B07}},
year = {2015}
}
@article{Melorose2015a,
archivePrefix = {arXiv},
arxivId = {arXiv:1011.1669v3},
author = {Novoa, Patricia},
doi = {10.1017/CBO9781107415324.004},
eprint = {arXiv:1011.1669v3},
file = {:C$\backslash$:/Users/JUAN RIVAS/Desktop/JUAN RIVAS/INVESTIGACION/PAPERS DE LA NUBE/RRAAE/UDLA-EC-TAB-2015-62.pdf:pdf},
isbn = {9788578110796},
issn = {1098-6596},
journal = {Statewide Agricultural Land Use Baseline 2015},
keywords = {icle},
pages = {197},
pmid = {25246403},
title = {{EL DERECHO A LA PROTECCION DE DATOS DE CARATER PERSONAL ECUATORIANO ANALIZADO A PARTIR DE LA RELACION B2C EN LA PRESTACION DE SERVICIOS DE CLOUD COMPUTING: CASO DE POLITICAS DE PRIVACIDAD DE DROPBOX}},
volume = {1},
year = {2015}
}
@article{Grant2009,
abstract = {BACKGROUND AND OBJECTIVES: The expansion of evidence-based practice across sectors has lead to an increasing variety of review types. However, the diversity of terminology used means that the full potential of these review types may be lost amongst a confusion of indistinct and misapplied terms. The objective of this study is to provide descriptive insight into the most common types of reviews, with illustrative examples from health and health information domains. METHODS: Following scoping searches, an examination was made of the vocabulary associated with the literature of review and synthesis (literary warrant). A simple analytical framework -- Search, AppraisaL, Synthesis and Analysis (SALSA) -- was used to examine the main review types. RESULTS: Fourteen review types and associated methodologies were analysed against the SALSA framework, illustrating the inputs and processes of each review type. A description of the key characteristics is given, together with perceived strengths and weaknesses. A limited number of review types are currently utilized within the health information domain. CONCLUSIONS: Few review types possess prescribed and explicit methodologies and many fall short of being mutually exclusive. Notwithstanding such limitations, this typology provides a valuable reference point for those commissioning, conducting, supporting or interpreting reviews, both within health information and the wider health care domain.},
author = {Grant, Maria J. and Booth, Andrew},
doi = {10.1111/j.1471-1842.2009.00848.x},
file = {:C$\backslash$:/Users/JUAN RIVAS/Desktop/JUAN RIVAS/INVESTIGACION/Revision Biliografica/10.1111@j.1471-1842.2009.00848.x.pdf:pdf},
isbn = {1471-1834 (Print)$\backslash$n1471-1834 (Linking)},
issn = {14711834},
journal = {Health Information and Libraries Journal},
number = {2},
pages = {91--108},
pmid = {19490148},
title = {{A typology of reviews: An analysis of 14 review types and associated methodologies}},
volume = {26},
year = {2009}
}
@article{Alliance2011,
author = {Alliance, Cloud Security},
file = {:C$\backslash$:/Users/JUAN RIVAS/Desktop/JUAN RIVAS/INVESTIGACION/seguridad de datos en la nube/csaguide-es.v2.pdf:pdf},
journal = {Security},
pages = {0--52},
title = {{G u{\'{i}}a p a r a la S e g u r id a d e n {\'{a}} r e a s c r {\'{i}}t ica s d e a t e n ci{\'{o}}n e n C loud C om pu t in g}},
year = {2011}
}
@article{Jansen2011,
abstract = {Cloud computing can and does mean different things to different people. The common characteristics most interpretations share are on-demand scalability of highly available and reliable pooled computing resources, secure access to metered services from nearly anywhere, and displacement of data and services from inside to outside the organization. While aspects of these characteristics have been realized to a certain extent, cloud computing remains a work in progress. This publication provides an overview of the security and privacy challenges pertinent to public cloud computing and points out considerations organizations should take when outsourcing data, applications, and infrastructure to a public cloud environment.},
author = {Jansen, Wayne and Grance, Timothy},
doi = {10.3233/GOV-2011-0271},
file = {:C$\backslash$:/Users/JUAN RIVAS/Desktop/JUAN RIVAS/INVESTIGACION/PAPERS DE LA NUBE/GOOGLE ACADEMICO/800-144.pdf:pdf},
isbn = {18787673},
issn = {15227383},
journal = {NIST Special Publication 800},
pages = {1--70},
pmid = {62013176},
title = {{Guidelines on Security and Privacy in Public Cloud Computing}},
volume = {144},
year = {2011}
}
@article{Martin,
author = {Lohe, Martin G},
file = {:C$\backslash$:/Users/JUAN RIVAS/Desktop/JUAN RIVAS/INVESTIGACION/PAPERS DE LA NUBE/SCOPUS CADENAS/CADENA 4/lohe2015.pdf:pdf},
journal = {2015},
title = {{REGULATION AND STANDARDIZATION OF DATA PROTECTION IN CLOUD Technische Universit{\"{a}}t Berlin , Faculty of Economics and Management , Chair of Innovation Economics Fraunhofer Institute for Open Communication Systems FOKUS , Innovation and Technology Transfer C}},
volume = {3}
}
@phdthesis{Collahuazo2012,
author = {Collahuazo, Jara and Alexander, Jairo},
booktitle = {Vasa},
file = {:C$\backslash$:/Users/JUAN RIVAS/Desktop/JUAN RIVAS/INVESTIGACION/seguridad de datos en la nube/ecuador CD-4281.pdf:pdf},
title = {{Gu{\'{i}}a para el an{\'{a}}lisis de factibilidad en la implantaci{\'{o}}n de tecnolog{\'{i}}as de Cloud Computing en empresas del Ecuador}},
volume = {8},
year = {2012}
}
@article{LopezJimenez2013,
author = {{L{\'{o}}pez Jim{\'{e}}nez}, David},
doi = {10.4067/S0718-68512013000100021},
file = {:C$\backslash$:/Users/JUAN RIVAS/AppData/Local/Mendeley Ltd./Mendeley Desktop/Downloaded/L{\'{o}}pez Jim{\'{e}}nez - 2013 - La computaci{\'{o}}n en la nube o cloud computing examinada desde el ordenamiento jur{\'{i}}dico espa{\~{n}}ol.pdf:pdf},
issn = {0718-6851},
journal = {Revista de derecho (Valpara{\'{i}}so)},
month = {aug},
number = {40},
pages = {689--709},
publisher = {Pontificia Universidad Cat{\'{o}}lica de Valpara{\'{i}}so},
title = {{La "computaci{\'{o}}n en la nube" o "cloud computing" examinada desde el ordenamiento jur{\'{i}}dico espa{\~{n}}ol}},
url = {http://www.scielo.cl/scielo.php?script=sci{\_}arttext{\&}pid=S0718-68512013000100021{\&}lng=es{\&}nrm=iso{\&}tlng=es},
year = {2013}
}
@article{Oppenheim2012,
abstract = {The main characteristics of cloud computing services are explained and the clauses typically included in contracts between suppliers and customers of such services are discussed. Storing data on a cloud service can be more comfortable for an organization and cheaper than local storage, but it involves several risks. Recommendations are given on how to negotiate contracts. A list of questions to be asked of cloud service suppliers is provided so that a potential client can take an informed decision and avoid unpleasant surprises.},
author = {Oppenheim, Charles},
doi = {10.3145/epi.2012.sep.02},
file = {:C$\backslash$:/Users/JUAN RIVAS/AppData/Local/Mendeley Ltd./Mendeley Desktop/Downloaded/Oppenheim - 2012 - Legislaci{\'{o}}n sobre computaci{\'{o}}n en la nube y negociaci{\'{o}}n de contratos.pdf:pdf},
isbn = {http://dialnet.unirioja.es/servlet/dcart?info=link{\&}codigo=4033054{\&}orden=361779},
issn = {1386-6710},
journal = {El profesional de la informaci{\'{o}}n},
keywords = {aspectos legales,caracter{\'{i}}sticas,cloud law and contract,computaci{\'{o}}n en la nube,condiciones,contratos,copyright,derecho de autor,externalizaci{\'{o}}n,leyes,negociaci{\'{o}}n,negotiation,patriot act,privacidad,protecci{\'{o}}n de datos,recomendaciones,riesgos,title},
number = {5},
pages = {453--457},
title = {{Legislaci{\'{o}}n sobre computaci{\'{o}}n en la nube y negociaci{\'{o}}n de contratos}},
url = {http://dialnet.unirioja.es/servlet/articulo?codigo=4033054{\&}info=resumen{\&}idioma=SPA},
volume = {21},
year = {2012}
}
@article{Kitchenham2004,
author = {Kitchenham, Barbara},
doi = {10.1.1.122.3308},
file = {:C$\backslash$:/Users/JUAN RIVAS/Desktop/JUAN RIVAS/INVESTIGACION/Revision Sistematica/kitchenham{\_}2004.pdf:pdf},
isbn = {1353-7776},
issn = {13537776},
journal = {Keele, UK, Keele University},
number = {TR/SE-0401},
pages = {28},
title = {{Procedures for performing systematic reviews}},
volume = {33},
year = {2004}
}
@article{Kitchenham2010,
abstract = {Context: In a previous study, we reported on a systematic literature review (SLR), based on a manual search of 13 journals and conferences undertaken in the period 1st January 2004 to 30th June 2007. Objective: The aim of this on-going research is to provide an annotated catalogue of SLRs available to software engineering researchers and practitioners. This study updates our previous study using a broad automated search. Method: We performed a broad automated search to find SLRs published in the time period 1st January 2004 to 30th June 2008. We contrast the number, quality and source of these SLRs with SLRs found in the original study. Results: Our broad search found an additional 35 SLRs corresponding to 33 unique studies. Of these papers, 17 appeared relevant to the undergraduate educational curriculum and 12 appeared of possible interest to practitioners. The number of SLRs being published is increasing. The quality of papers in conferences and workshops has improved as more researchers use SLR guidelines. Conclusion: SLRs appear to have gone past the stage of being used solely by innovators but cannot yet be considered a main stream software engineering research methodology. They are addressing a wide range of topics but still have limitations, such as often failing to assess primary study quality. ?? 2010 Elsevier B.V. All rights reserved.},
author = {Kitchenham, Barbara and Pretorius, Rialette and Budgen, David and Brereton, O. Pearl and Turner, Mark and Niazi, Mahmood and Linkman, Stephen},
doi = {10.1016/j.infsof.2010.03.006},
file = {:C$\backslash$:/Users/JUAN RIVAS/Desktop/JUAN RIVAS/INVESTIGACION/Revision Sistematica/MENDELEY/kitchenham2010.pdf:pdf},
isbn = {0950-5849},
issn = {09505849},
journal = {Information and Software Technology},
keywords = {Mapping study,Software engineering,Systematic literature review,Tertiary study},
number = {8},
pages = {792--805},
publisher = {Elsevier B.V.},
title = {{Systematic literature reviews in software engineering-A tertiary study}},
url = {http://dx.doi.org/10.1016/j.infsof.2010.03.006},
volume = {52},
year = {2010}
}
@article{Legales2010,
author = {Legales, Aspectos},
file = {:C$\backslash$:/Users/JUAN RIVAS/Desktop/JUAN RIVAS/INVESTIGACION/seguridad de datos en la nube/Joel G{\'{o}}mez.pdf:pdf},
journal = {Revista b:Secure},
pages = {2},
title = {{Aspectos Legales del Cloud Computing}},
url = {http://www.joelgomez.mx/blog/?page{\_}id=268},
year = {2010}
}
@article{Bohlol2015,
author = {Bohlol, Nahid and Safari, Zohreh},
doi = {10.1109/ECDC.2015.7156324},
file = {:C$\backslash$:/Users/JUAN RIVAS/Desktop/JUAN RIVAS/INVESTIGACION/PAPERS DE LA NUBE/IEEE CADENAS/CADENA 4/bohlol2015.pdf:pdf},
isbn = {9781479986545},
journal = {2015 9th International Conference on e-Commerce in Developing Countries: With Focus on e-Business, ECDC 2015},
keywords = {Cloud Computing,Security Parameters,Service Level Agreement (SLA),System Security},
title = {{Systematic parameters vs. SLAs for security in cloud computing}},
year = {2015}
}
@article{Alberto2014a,
abstract = {The Cloud Computing system is the new technology that has allowed a market deployment, able to provide any computing services on demand. Due that the technology innovation has reached a great popularity, which has led many business leaders and technology departments wishing to acquire solutions on the cloud computing, although they are not yet clear, how they should hire them. The methodology and recommendations given in this paper, are mainly based on the ITIL v3, TMF (eTOM)'s best practices, and the Service Level Agreements (SLAs)' definition, based on the Continuity, Availability, Service Quality and Security's criteria, among others. The results obtained, by using the TCO (Total Cost of Ownership) as a financial tool for making decisions in the technology projects, resulted in a clear economic benefit by opting for the cloud computing service.},
author = {Alberto, Beimar and Armando, Le{\'{o}}n-velandia Mario},
file = {:C$\backslash$:/Users/JUAN RIVAS/AppData/Local/Mendeley Ltd./Mendeley Desktop/Downloaded/Alberto, Armando - 2014 - Recomendaciones para contratar servicios en la ‘ nube ' How to Hire the Cloud Computing Services ' Advices Rec.pdf:pdf},
journal = {Scielo},
keywords = {Availability,Cloud Computing,Continuity,ITIL v3,Quality and Security's Service,Service Level's Agreement,eTOM.},
number = {37},
pages = {16},
title = {{Recomendaciones para contratar servicios en la ‘ nube ' How to Hire the Cloud Computing Services ' Advices Recomenda{\c{c}}{\~{o}}es para contratar servi{\c{c}}os em ‘ nuvem '}},
url = {http://www.scielo.org.co/scielo.php?script=sci{\_}arttext{\&}pid=S0121-11292014000200010},
volume = {23},
year = {2014}
}
@article{Potter2004,
abstract = {Nowadays, most nurses, pre- and post-qualification, will be required to undertake a literature review at some point, either as part of a course of study, as a key step in the research process, or as part of clinical practice development or policy. For student nurses and novice researchers it is often seen as a difficult undertaking. It demands a complex range of skills, such as learning how to define topics for exploration, acquiring skills of literature searching and retrieval, developing the ability to analyse and synthesize data as well as becoming adept at writing and reporting, often within a limited time scale. The purpose of this article is to present a step-by-step guide to facilitate understanding by presenting the critical elements of the literature review process. While reference is made to different types of literature reviews, the focus is on the traditional or narrative review that is undertaken, usually either as an academic assignment or part of the research process.},
archivePrefix = {arXiv},
arxivId = {z0037},
author = {Cronin, Patricia},
doi = {10.1177/107808747000500401},
eprint = {z0037},
file = {:C$\backslash$:/Users/JUAN RIVAS/Desktop/JUAN RIVAS/INVESTIGACION/Revision Biliografica/cronin2008.pdf:pdf},
isbn = {9781412960991},
issn = {1469347X},
journal = {Doing Postgraduate Research},
keywords = {analysis and synthesis,review,searching n writing a},
number = {4},
pages = {411--429},
pmid = {18399395},
title = {{Undertaking a Literature Review}},
volume = {4},
year = {2008}
}
@article{JoyanesAguilar2012,
abstract = {Nube, o Computaci{\'{o}}n en la Nube (t{\'{e}}rminos para definir Cloud Computing)*1, es un concepto tecnol{\'{o}}gico (buzzwords) cada vez m{\'{a}}s utilizado. Las organizaciones ven en esta tecnolog{\'{i}}a la soluci{\'{o}}n a muchos problemas, econ{\'{o}}micos o de infraestructuras tecnol{\'{o}}gicas.La adopci{\'{o}}n de la computaci{\'{o}}n en la nube (SaaS, PaaS e IaaS) est{\'{a}} creciendo a gran velocidad y los modelos de entrega o despliegue de la nube (privada, p{\'{u}}blica, h{\'{i}}brida y comunitaria) ofrecidos por multitud de proveedores, se han hecho habituales en la terminolog{\'{i}}a de las estrategias empresariales o centros de investigaci{\'{o}}nEn este art{\'{i}}culo se pretende analizar estos modelos, casi est{\'{a}}ndares en la industria; sus ventajas e inconvenientes y la problem{\'{a}}tica de la computaci{\'{o}}n en la nube: seguridad, protecci{\'{o}}n de datos y privacidad.Estados Unidos ha publicado ya su estrategia federal para la adopci{\'{o}}n de cloud computing; la Uni{\'{o}}n Europea trabaja en una estrategia similar.},
author = {{Joyanes Aguilar}, Luis},
file = {:C$\backslash$:/Users/JUAN RIVAS/AppData/Local/Mendeley Ltd./Mendeley Desktop/Downloaded/Joyanes Aguilar - 2012 - COMPUTACI{\'{O}}N EN LA NUBE. Notas para una estrategia espa{\~{n}}ola en cloud computing.pdf:pdf},
issn = {2255-3479},
journal = {Revista del Instituto Espa{\~{n}}ol de Estudios Estrat{\'{e}}gicos},
pages = {89--112},
title = {{COMPUTACI{\'{O}}N EN LA NUBE. Notas para una estrategia espa{\~{n}}ola en cloud computing}},
url = {http://revista.ieee.es/index.php/ieee/article/viewFile/10/8},
year = {2012}
}
@article{GutierrezHoracioE.;Korn2014,
author = {{Guti{\'{e}}rrez, Horacio E.; Korn}, Daniel},
file = {:C$\backslash$:/Users/JUAN RIVAS/AppData/Local/Mendeley Ltd./Mendeley Desktop/Downloaded/Guti{\'{e}}rrez, Horacio E. Korn - 2014 - Facilitando “The Cloud ” la regulaci{\'{o}}n de la protecci{\'{o}}n de datos como motor de la competitividad nac.pdf:pdf},
journal = {Revista la Propiedad Intelectual},
pages = {85--118},
title = {{Facilitando “The Cloud ”: la regulaci{\'{o}}n de la protecci{\'{o}}n de datos como motor de la competitividad nacional en Am{\'{e}}rica Latina}},
url = {http://revistas.uexternado.edu.co/index.php?journal=propin{\&}page=article{\&}op=view{\&}path[]=3908{\&}path[]=4202},
volume = {18},
year = {2014}
}
@article{Miralles2010,
abstract = {Resumen El cloud computing es una arquitectura de prestaci{\'{o}}n y/o aprovisionamiento de servicios de tecnolo-g{\'{i}}as de la informaci{\'{o}}n y la comunicaci{\'{o}}n, que est{\'{a}} tomando mucho protagonismo, y que, seg{\'{u}}n los analistas, en los pr{\'{o}}ximos a{\~{n}}os se consolidar{\'{a}} tanto por lo que respecta a los usuarios individuales de la red y servicios en l{\'{i}}nea, como en las empresas, que afectar{\'{a}} a su manera de utilizar las TIC. Con relaci{\'{o}}n a los usuarios de la red el cloud computing tiene muchos puntos de conexi{\'{o}}n con la Web 2.0 y para las empresas est{\'{a}} estrechamente relacionado con los procesos de outsourcing de los servi-cios TIC. En este art{\'{i}}culo se identifican y analizan las cuestiones m{\'{a}}s relevantes del binomio cloud computing y protecci{\'{o}}n de datos de car{\'{a}}cter personal. Palabras clave cloud computing; protecci{\'{o}}n de datos, libertades, privacidad, inform{\'{a}}tica en nube, encargado trata-miento, transferencias internacionales Tema Derecho fundamental, protecci{\'{o}}n de datos, sociedad de la informaci{\'{o}}n Cloud computing and data protection Abstract Cloud computing is an architecture for carrying out and/or providing services for information and communi-cation technologies which is playing an increasingly prominent role. According to analysts, among compa-nies and individual users of the Internet and online services, its application will be consolidated over the next few years. In relation to Internet users, cloud computing has many connections with the web 2.0, and for companies it is closely linked to outsourcing of ICT services. This article identifies and analyses the major questions regarding binomial cloud computing and private data protection.},
archivePrefix = {arXiv},
arxivId = {DP. Revista de Internet, Derecho y Pol{\'{i}}tica},
author = {Miralles, Ram{\'{o}}n},
eprint = {DP. Revista de Internet, Derecho y Pol{\'{i}}tica},
file = {:C$\backslash$:/Users/JUAN RIVAS/AppData/Local/Mendeley Ltd./Mendeley Desktop/Downloaded/Miralles - 2010 - Cloud computing y protecci{\'{o}}n de datos.pdf:pdf},
isbn = {7881702400},
issn = {1699-8154},
journal = {Redalyc},
number = {1699-8154},
pages = {14--23},
title = {{Cloud computing y protecci{\'{o}}n de datos}},
url = {http://www.redalyc.org/articuloBasic.oa?id=7881702400},
year = {2010}
}
@article{DeCastro2016,
abstract = {It appears uncontroversial that digital consumers deserve the same level of protection for their transactions as that offered in other forms of commerce. The question is whether current consumer protection instruments provide these protections. Courts in Europe have adopted a view that, by analogy, one should grant ‘product-protection' to digital content contracts on a case-by-case basis. Unfortunately, this means that the digital content category remains highly controversial and uncertain to the stakeholders of such transactions. On the other hand, the Brazilian Consumer Protection Law (CDC) has adopted more innovative approaches to consumer rights than many European Union (EU) Member States' national legislation, both when it has a broad understanding of ‘goods' and ‘services' and when it provides just minor differences between the legal remedies and rights for the sale of goods and service contracts. Here, we argue that there is no reason to craft a third sui generis category for digital content per se, and to the cloud-based transactions, for the supply of digital content in Brazil, if the current legal framework in the Brazilian CDC in relation to these issues is interpreted extensively. We further claim that this remains the best approach to be adopted.},
author = {{De Castro}, Clarice Marinho Martins and Reed, Chris and {De Queiroz}, Ruy},
doi = {10.1093/ijlit/eav013},
file = {:C$\backslash$:/Users/JUAN RIVAS/Desktop/JUAN RIVAS/INVESTIGACION/PAPERS DE LA NUBE/SCOPUS CADENAS/CADENA 1/castro2015.pdf:pdf},
issn = {14643693},
journal = {International Journal of Law and Information Technology},
keywords = {Cloud computing,Cloud contract,Cloud law,Consumer rights,Digital content},
number = {1},
pages = {99--118},
title = {{Digital content and cloud-based contracts in Brazil and the European Union}},
volume = {24},
year = {2016}
}
@article{LisbethHernandezQuintero2010,
abstract = {Con los avances en las tecnolog{\'{i}}as de informaci{\'{o}}n y comunicaci{\'{o}}n, se han mostrado nuevas apli-caciones para la Internet, en este caso, la computaci{\'{o}}n en la nube o Cloud Computing, en la cual los recursos inform{\'{a}}ticos son ofrecidos y utilizados a trav{\'{e}}s de Internet. Siguiendo esta idea, La computaci{\'{o}}n en la nube es conveniente y rentable tanto para usuarios como para los proveedores; teniendo en cuenta que existen riesgos al utilizar esta nueva tecnolog{\'{i}}a, permite ahorros tanto en licencias como en administraci{\'{o}}n de servicios y de equipos. Esto se debe a la arquitectura confor-mada por capas con la cual trabaja que corresponden al software, plataforma e infraestructura. Un aspecto importante en la implementaci{\'{o}}n, y que se refiere principalmente al tema de la plata-forma, es la virtualizaci{\'{o}}n. Se puede decir que esta es una abstracci{\'{o}}n de los recursos tecnol{\'{o}}gicos en donde se puede llegar a utilizar un servidor o muchos servidores siendo invisible para el usuario final, y adem{\'{a}}s, gracias al clustering, se permite tratar a muchos servidores como uno solo. PALABRAS CLAVE: Computaci{\'{o}}n en la Nube, Tecnolog{\'{i}}as de la Informaci{\'{o}}n, servicios, aplicaciones, recursos.},
author = {{Lisbeth Hernandez Quintero}, Nelly and {Anderson Smith Florez Fuente}, Esp},
file = {:C$\backslash$:/Users/JUAN RIVAS/AppData/Local/Mendeley Ltd./Mendeley Desktop/Downloaded/Lisbeth Hernandez Quintero, Anderson Smith Florez Fuente - 2010 - Computaci{\'{o}}n En La Nube Cloud Computing.pdf:pdf},
keywords = {aplicaciones,computaci{\'{o}}n en la nube,servicios,tecnolog{\'{i}}as de la informaci{\'{o}}n},
pages = {102},
title = {{Computaci{\'{o}}n En La Nube Cloud Computing}},
year = {2010}
}
@article{Dinadayalan2014,
abstract = {Cloud computing is an internet based model that enable convenient, on demand and pay per use access to a pool of shared resources. It is a new technology that satisfies a user's requirement for computing resources like networks, storage, servers, services and applications, Data security is one of the leading concerns and primary challenges for cloud computing. This issue is getting more serious with the development of cloud computing. From the consumers' perspective, cloud computing security concerns, especially data security and privacy protection issues, remain the primary inhibitor for adoption of cloud computing services. This paper analyses the basic problem of cloud computing and describes the data security and privacy protection issues in cloud. {\textcopyright} 2014 IEEE.},
author = {Dinadayalan, P. and Jegadeeswari, S. and Gnanambigai, D.},
doi = {10.1109/WCCCT.2014.63},
file = {:C$\backslash$:/Users/JUAN RIVAS/Desktop/JUAN RIVAS/INVESTIGACION/PAPERS DE LA NUBE/IEEE CADENAS/CADENA 2/dinadayalan2014.pdf:pdf},
isbn = {9781479928767},
journal = {Proceedings - 2014 World Congress on Computing and Communication Technologies, WCCCT 2014},
keywords = {Cloud Computing,Cloud Computing Security,Data Security,Privacy protection},
pages = {88--91},
title = {{Data security issues in cloud environment and solutions}},
year = {2014}
}
